4706 6356
243 525 248 534 ·
297 485 342 570 ti

301 713 396 767 anno
434 697 471 768 ct
504 692 707 787 subscripto
736 689 782 767 ad
805 713 935 768 manus
967 688 1126 788 ipsomm
1160 695 1198 769 et
1229 715 1295 790 per
1326 689 1424 790 ipsos
1459 685 1650 770 alectomm
1682 684 1769 786 dare
1801 695 1838 776 ct

301 800 598 876 soluere'debcni
618 803 785 876 irrecuse.
831 803 885 876 lta
907 809 1039 888 umen.
1068 801 1164 893 quod
1185 804 1268 896 ipsa
1287 803 1423 876 soluclo
1446 825 1510 876 seu
1534 807 1838 900 contribucio'por

142 987 164 1000 ,1
300 911 399 1003 ipsos
421 909 532 984 ubere
560 911 736 998 instituta,
769 913 930 1004 ipsomm
960 909 1108 996 iuribus,
1138 911 1339 1005 priuilegljs
1369 914 1406 984 et
1435 913 1733 1000 immunitatibus,
1762 917 1837 1006 qui·

299 1017 524 1109 buscumque
552 1019 759 1092 nominibus
789 1019 910 1092 uocari
939 1019 1105 1112 poterint,
1136 1038 1202 1112 per
1230 1011 1296 1092 nc's
1320 1025 1384 1092 aut
1405 1019 1673 1114 predecessores
1697 1025 1837 1098 nostros

302 1127 392 1220 ipsis
427 1129 620 1213 concessis,
654 1127 773 1200 nullas
807 1126 940 1200 inierat
972 1127 1011 1200 ln
1044 1131 1229 1219 posterum
1262 1127 1479 1217 grauedines
1509 1131 1546 1200 ci
1563 1129 1734 1217 ,lecturas
1771 1148 1838 1206 nec

299 1235 415 1306 eciam
438 1235 476 1306 ln
500 1234 797 1310 consuetudinem
821 1238 885 1308 aut
914 1233 1116 1326 exemplum
1145 1253 1298 1328 pernes
1325 1240 1363 1307 et
1392 1241 1553 1330 posteros
1581 1240 1721 1310 nostros
1744 1237 1838 1313 trahi

300 1339 417 1428 nabet
447 1341 512 1416 sed
535 1343 632 1434 quod
660 1346 823 1438 ipsomm
848 1341 1046 1437 priuilegia,
1076 1340 1271 1428 libertates,
1301 1343 1381 1416 iura
1410 1347 1447 1415 et
1475 1345 1595 1436 gracie
1624 1343 1725 1418 salus
1747 1343 1840 1420 liant

300 1454 338 1523 ct
368 1449 593 1524 inuiolabiles
634 1453 767 1550 iugiter
798 1453 1021 1545 peseuercnt,
1055 1468 1146 1541 qnos
1182 1452 1296 1522 eciam
1331 1455 1455 1524 contra
1487 1452 1676 1545 priuilegia
1702 1455 1739 1524 ci
1759 1454 1839 1528 iura

300 1561 460 1654 ipsorum
484 1558 531 1634 ad
552 1559 738 1634 ulteriores
766 1560 979 1644 soluciones,
1009 1561 1235 1650 preterquam
1260 1557 1306 1632 ad
1329 1559 1546 1633 solucionem
1570 1557 1721 1634 duomm
1743 1579 1840 1652 gros·

147 1677 154 1690 ’
301 1687 424 1742 sorum
446 1667 491 1740 ‹le
514 1668 673 1760 quolibet
700 1668 805 1742 laneo
839 1685 986 1762 posessc
1016 1667 1117 1738 iuxta
1145 1665 1426 1759 descrlpcionem
1456 1668 1494 1738 in
1523 1666 1606 1760 aliJs
1639 1668 1848 1762 priuilegils·

300 1797 365 1870 per
387 1796 453 1850 uos
477 1778 530 1850 eis
559 1777 706 1864 iactam
741 1795 835 1850 euno
865 1773 1023 1867 quolibet
1051 1771 1266 1860 iaciendum,
1297 1793 1424 1864 cogere
1454 1779 1491 1846 et
1522 1795 1642 1848 arcere
1671 1775 1839 1851 nolumus

299 1887 444 1960 racione
466 1885 588 1978 aliqua
608 1905 675 1959 seu
698 1885 823 1971 colore,
848 1883 895 1958 ed
916 1903 1026 1974 quam
1048 1883 1171 1974 vtique
1194 1882 1412 1954 solucionem
1435 1883 1504 1976 ipsi
1527 1903 1568 1956 se
1589 1883 1691 1956 noble
1722 1887 1760 1956 et
1780 1903 1839 1958 no·

300 1995 386 2066 siris
408 1993 678 2066 successoribus
708 1993 819 2066 iibere
842 1991 1101 2089 submiseruni;
1135 2009 1287 2082 qucmm
1310 1992 1425 2064 colam
1447 1989 1570 2064 literas
1593 1996 1630 2064 ct
1650 1991 1841 2085 priuilegia

301 2105 380 2174 tam
409 2121 476 2196 per
506 2121 583 2187 nos,
614 2121 725 2193 quern
745 2099 1016 2195 predecessores
1039 2102 1180 2170 nosnos
1209 2099 1299 2191 lpsis
1331 2117 1511 2184 concessa,
1544 2101 1781 2190 contentaque
1802 2101 1840 2174 ln

304 2211 356 2282 eis
390 2207 646 2282 inuiolabiliter
667 2228 812 2282 seruare
832 2207 1011 2292 uolumus,
1034 2205 1199 2297 bonaque
1230 2209 1267 2276 et
1296 2225 1387 2299 pura
1408 2203 1490 2297 {ilde
1520 2206 1589 2279 sub
1611 2206 1719 2280 verbo
1741 2209 1839 2298 regio

301 2319 545 2410 promittimus
576 2320 613 2390 at
641 2316 867 2410 presentibus
896 2313 1115 2408 pollicemur.
1161 2313 1298 2385 iiamm
1329 2313 1460 2405 quibus
1490 2313 1648 2404 sigilium
1678 2321 1840 2388 nostmm

303 2427 419 2498 malus
443 2445 644 2519 appensum
656 2428 712 2497 eet
726 2423 930 2497 testimonio
952 2423 1146 2495 literarum.
1169 2423 1303 2494 Actum
1319 2425 1356 2492 et
1368 2419 1494 2494 datum
1516 2423 1555 2493 in
1569 2420 1672 2496 Noua
1694 2423 1840 2496 cirritate

250 2533 392 2610 'alias
428 2533 588 2623 Ocrccpn
620 2534 700 2626 ipsc
731 2529 788 2604 dle
818 2532 936 2604 sancti
967 2529 1110 2602 Martini
1143 2528 1311 2623 episcopi,
1348 2547 1441 2601 enno
1474 2527 1620 2602 Domini
1651 2530 1839 2604 millesimo

301 2639 430 2714 0000ο
451 2644 589 2732 quarto,
619 2660 685 2734 per
707 2659 838 2712 manus
860 2637 990 2711 nobilis
1013 2635 1150 2708 Zacilce
1181 2634 1382 2728 cancellar-ij
1408 2635 1604 2736 etNlcolal
1625 2637 1839 2711 vicecancel-

301 2747 381 2843 larij
405 2750 509 2840 regni
530 2749 645 2822 nostrl
666 2747 810 2822 Polonla
832 2745 997 2819 iidelium
1020 2744 1241 2817 dileciomm.

463 2854 524 2928 Ad
545 2856 761 2946 relacionem
783 2852 919 2928 domini
940 2851 1077 2926 Nicolai
1099 2853 1201 2944 regni
1221 2851 1365 2924 Polonie
1379 2851 1659 2944 vicecancellarii
1676 2850 1838 2946 predicti.

464 3051 632 3110 Dciument
654 3051 873 3127 pargamiacrry,
899 3049 1100 3126 pmechcmp
1126 3065 1153 3106 rr
1178 3047 1333 3106 achivum
1357 3047 1489 3123 kapitnly
1506 3047 1742 3122 metropolitslaei
1761 3049 1839 3124 gnie·

301 3141 458 3215 inminui
483 3142 533 3216 OE·
551 3142 628 3215 2⁹1).
654 3147 807 3217 outtrwnr
833 3141 890 3212 im
906 3141 1045 3216 clusis
1070 3138 1262 3210 minam
1287 3138 1454 3210 benene,
1481 3139 1638 3210 crime
1656 3145 1700 3195 ἰιι
1716 3137 1840 3196 muria

301 3233 483 3307 addonegc
499 3233 510 3290 i
528 3229 641 3307 biaiegc
666 3230 817 3302 lederabiu.
851 3231 918 3290 Jest
942 3230 954 3287 i
981 3227 1064 3304 dragi
1093 3229 1225 3306 orygical
1251 3233 1332 3302 tegoi
1358 3228 1521 3303 prrpwileiu
1537 3245 1565 3285 rr
1582 3233 1671 3286 umis
1687 3227 1839 3286 archim

302 3324 356 3398 (N-
373 3324 448 3396 290),
466 3321 604 3382 with
620 3339 638 3380 ⁸
654 3321 795 3398 simos
811 3317 969 3391 edm

305 3721 361 3793 66.
410 3721 508 3793 aion
532 3709 592 3792 die
614 3676 669 3792 24]
696 3717 830 3792 mensis
854 3715 1073 3803 Decembris,
1098 3713 1273 3791 Gnesuae.

305 3933 309 3940 '
466 3934 593 4008 Petrus
617 3931 662 4006 de
684 3903 832 4023 Prsiercp
854 3937 979 4006 cantor
1001 3931 1255 4005 Poscanlcnsis
1285 3935 1321 4004 at
1350 3931 1507 4004 vicarius
1536 3933 1575 4004 ln
1598 3929 1842 4025 spiritualibus

305 4043 524 4118 Gnesnensis
546 4044 710 4127 metatur,
733 4041 904 4114 ioannem
925 4039 1159 4114 Racnkowslri
1182 4045 1219 4112 et
1240 4039 1392 4114 Beatam
1413 4058 1560 4113 uxorem
1584 4042 1671 4126 eius,
1693 4038 1843 4112 heredes

305 4151 351 4225 dc
372 4153 613 4224 Marciuicowc
640 4151 782 4234 wicllcis,
814 4149 997 4222 altaristac
1027 4149 1149 4222 altaris
1173 4149 1212 4220 in
1241 4148 1393 4220 ecclesia
1421 4147 1633 4242 parrochiali
1657 4146 1700 4222 de
1723 4150 1843 4220 Kicre·

143 4256 148 4264 '
303 4263 401 4334 meo
423 4259 472 4332 IV
494 4277 636 4332 marcas
659 4277 789 4330 census
813 4259 925 4330 annui
946 4255 1011 4330 xi
1035 4257 1166 4331 marcis
1188 4253 1404 4329 vendidisse.

467 4474 507 4548 R.
530 4473 595 4547 ian
616 4471 851 4546 Racakowski
873 4491 968 4546 wrau
998 4493 1018 4544 a
1045 4475 1135 4562 iona
1158 4493 1238 4562 swa
1256 4472 1379 4561 Beate,
1412 4469 1590 4545 driednce
1611 4491 1645 4544 w
1669 4473 1844 4545 Wieilciem

304 4585 558 4658 Marciulcowis
590 4583 694 4674 (pom
725 4580 904 4674 kcyriski)‚
939 4580 1126 4675 spraedep’a
1155 4581 1372 4673 Mikolcjowi
1398 4579 1686 4654 iankowskiemu
1707 4579 1844 4654 knszie·

305 4693 436 4766 lanowi
458 4687 718 4764 suremskiemu
748 4691 761 4762 i
788 4691 987 4784 patronowl
1017 4691 1152 4762 oltarna
1173 4709 1207 4762 w
1230 4688 1387 4761 koscieie
1409 4689 1646 4781 parallelucm
1667 4709 1702 4761 w
1724 4690 1844 4760 Kicrz·

304 4803 460 4889 emron)
484 4820 507 4873 e
528 4795 726 4890 wrglednie
749 4798 978 4889 oliarrpstom
1011 4802 1093 4888 tego
1117 4799 1253 4870 citerna
1274 4802 1296 4868 4
1319 4816 1487 4888 grzpwny
1510 4795 1649 4890 pclskic
1671 4813 1843 4887 rocznego

306 4927 461 5000 capnsau
496 4927 541 4980 aa
577 4927 682 4996 sume
714 4910 759 4978 40
793 4909 974 4996 grzywien
1008 4903 1194 4977 sacrolriclr
1228 4925 1355 4996 groszy
1389 4903 1568 4997 praskich.
1616 4903 1750 4998 Czpnsa
1783 4907 1842 4978 ten

305 5035 497 5111 praenosce
523 5015 595 5088 iun
617 5016 630 5087 i
652 5015 766 5086 Beata
794 5033 834 5084 re
857 5015 924 5086 usi
949 5015 1080 5103 Wolicp
1110 5033 1158 5085 na
1189 5015 1331 5085 Wieilcic
1359 5013 1640 5102 Marciolrowo‚')
1663 5011 1843 5106 wyplncac

304 5127 365 5198 aas
389 5142 435 5216 go
459 5125 559 5214 muje⁴
579 5121 733 5194 kmiecle
756 5123 848 5213 tejie
870 5123 955 5193 wsi:
980 5121 1105 5194 Sician
1126 5119 1257 5205 limite,
1282 5121 1406 5193 Stelan
1423 5119 1619 5213 Schpruch,
1643 5115 1843 5212 Nyedralck

305 5232 411 5306 lien
435 5231 583 5322 Gornny.
629 5230 732 5322 Dalej
758 5228 957 5301 oswisdcza
979 5231 1207 5322 pomicniony
1232 5230 1373 5320 oiicyal,
1401 5231 1440 5299 ic
1463 5248 1497 5299 w
1521 5228 1607 5300 cbec
1631 5230 1734 5318 niogc
1758 5225 1842 5298 szla-

156 5431 160 5436 .
305 5341 438 5431 cheiny
464 5338 610 5431 Mikolaj
645 5337 814 5428 Skubiey,
850 5336 1005 5408 dzieduic
1039 5341 1308 5420 Daiercicrzewo,
1346 5335 1506 5429 sprzedcl
1536 5335 1646 5428 jednc
1679 5351 1843 5426 ginywno

303 5469 459 5542 caynszu
490 5465 664 5536 rccunegc
697 5447 815 5519 tumui
848 5444 1100 5518 kesutclanowi
1137 5446 1150 5516 i
1183 5443 1411 5536 ulturnystcrn
1447 5463 1489 5516 za
1525 5451 1567 5516 iii
1595 5446 1772 5533 grzywieu
1804 5459 1842 5512 ao

2040 745 2164 839 swpclr
2186 744 2326 867 ‘¹⁶be

2037 875 2102 928 nes
2141 854 2326 950 lillamos¹

2037 964 2192 1054 armiger
2213 960 2327 1064 (ineat,

2203 1069 2331 1275 ml

2200 1345 2330 1539 luc

2319 1533 2340 1696 l

2242 1732 2340 1864 ,p

2041 1937 2095 2007 er.
2142 1935 2241 2007 1405.
2265 1900 2342 2053 ciel

2153 2137 2158 2146 -
2203 2075 2342 2248 nn

2038 2259 2101 2346 pie
2122 2259 2159 2328 et
2180 2253 2342 2386 Mathlmp

2044 2365 2101 2437 ule
2125 2365 2208 2436 ante
2230 2359 2327 2487 ques

2205 2526 2342 2688 Nouerp⁸

2045 2683 2260 2759 castellanus
2289 2682 2340 2784 cg

1994 2855 1996 2860 ,
2043 2792 2199 2867 itachius
2222 2791 2342 2916 colarii¹

2044 2894 2176 2986 sorum,
2211 2897 2342 2990 matam}

2046 3027 2170 3080 corum
2193 2994 2342 3112 acubili

2042 3117 2112 3188 sliu
2133 3115 2250 3188 sancti
2271 3111 2342 3226 lons

2046 3225 2134 3308 suis,
2162 3219 2342 3300 videliceti

2044 3327 2248 3421 Augustini,
2271 3313 2342 3399 Do*

2049 3458 2130 3510 mus
2161 3440 2326 3530 permuta
2337 3469 2342 3558 p

2045 3551 2158 3618 tatem
2180 3545 2288 3616 sitam
2309 3563 2342 3698 p<

2049 3673 2130 3726 mus
2152 3671 2216 3746 pro
2239 3651 2324 3724 here

2052 3782 2160 3850 capno
2183 3762 2220 3832 ct
2241 3671 2342 3902 aare}

2051 3869 2195 3960 quidem
2217 3863 2342 3938 hcred÷

2049 3978 2209 4068 cognatis
2236 3993 2323 4068 pren

2051 4105 2134 4157 curn
2158 4101 2280 4156 eorum

2053 4211 2205 4282 gnamus
2223 4210 2306 4262 cum

2052 4299 2211 4384 lacubus,
2235 4297 2342 4370 riulis

2055 4405 2342 4492 obuencicnibus‚

2058 4515 2295 4588 iercncieliter
2317 4534 2342 4586 ei

2056 4621 2219 4709 dandam.
2256 4641 2342 4715 pem

2052 4733 2295 4824 promittimus
2316 4731 2342 4802 sl

2058 4825 2222 4912 in'cuius
2244 4839 2297 4910 rei
2320 4860 2342 4911 c

2056 4946 2128 5020 lani
2151 4947 2342 5021 Camenens

2055 5057 2214 5145 prelatus
2237 5059 2342 5148 propt

2052 5165 2197 5254 signum
2220 5163 2306 5236 iidei
2329 5183 2342 5234 r

2053 5269 2195 5360 <lucane
2217 5269 2342 5344 sabbat

2056 5378 2239 5452 millesimo
2281 5399 2342 5469 que

2056 5481 2147 5559 dieto
2171 5487 2342 5580 Weypoet
