4734 6356
2018 433 2061 504 21

519 635 573 708 10.
622 633 720 704 1401.
745 628 802 701 die
826 633 880 702 29.
907 631 1041 702 mensis
1065 628 1295 722 Septembris,
1318 573 1583 741 indpelcniea.

680 844 811 916 ’111111
832 844 905 917 Ber
927 843 1193 940 (1101111111
1214 795 1361 916 Nicoloo
1385 843 1520 916 Voisloi
1544 843 1588 914 de
1611 844 1814 930 Grodaeblo,
1843 841 1994 936 plebano
2019 841 2064 916 de

521 955 715 1044 Opolcnieo
737 953 856 1024 dotem
880 955 1051 1044 assignat.
1456 959 1458 962 ’

679 1166 756 1258 Ego
786 1168 918 1240 'inicza
946 1167 1018 1240 Bar
1046 1166 1151 1241 hores
1182 1170 1220 1239 in
1251 1169 1483 1257 Opelenpeaq
1513 1171 1691 1243 uniuersis
1719 1169 1851 1242 Christi
1883 1166 2062 1256 fidelibus,

519 1284 594 1350 tam
616 1276 851 1368 presentibus,
877 1295 985 1366 quam
1009 1276 1150 1360 tuturis,
1174 1281 1300 1349 notum
1324 1276 1417 1348 iacio
1440 1277 1543 1349 litero
1566 1297 1650 1350 eum
1672 1278 1839 1370 presenti.
1887 1273 2063 1364 Quoniam

520 1383 669 1477 quidem
693 1383 881 1455 velocitate
912 1383 1051 1454 dierum
1080 1403 1241 1454 meorum
1273 1386 1488 1456 transiturus
1518 1405 1610 1470 sum,
1642 1381 1945 1476 quemadmodum
1973 1385 2064 1458 solet

520 1493 643 1581 ingere
665 1490 793 1562 vmbra
816 1496 853 1562 et
876 1511 1088 1563 euanescere
1111 1492 1245 1577 iumus,
1270 1492 1576 1568 consultissimum
1600 1495 1741 1564 constet
1756 1491 1875 1563 anime
1891 1491 2063 1564 saiunnde
2150 1491 2154 1500 '

519 1597 716 1693 prouidere,
740 1601 843 1670 cuius
865 1601 979 1670 vitam
1010 1601 1048 1670 iu
1079 1603 1242 1672 eternum
1266 1601 1340 1670 scio
1364 1619 1582 1690 permonere.
1629 1599 1741 1690 Igitur
1773 1616 1837 1690 pro
1869 1596 2063 1672 dileccione

522 1707 655 1778 domini
678 1707 791 1778 nostri
813 1705 919 1776 Ilresu
943 1704 1085 1791 Christi,
1108 1707 1308 1778 liberatoris
1334 1709 1536 1778 animorum
1560 1712 1775 1790 nostrarum,
1808 1725 1849 1777 ao
1872 1723 1936 1796 pro
1959 1725 2064 1778 vene·

520 1817 654 1887 rntloue
689 1815 872 1902 genitricis
907 1815 984 1885 eius
1018 1819 1189 1905 perpetue
1221 1817 1372 1904 virginis
1408 1814 1519 1886 Maria
1555 1819 1593 1886 et
1628 1833 1694 1907 pro
1727 1815 1934 1884 interuentu
1967 1811 2063 1886 beati

520 1918 652 1994 Mathei
677 1920 827 2013 apostoli
851 1925 886 1992 11
909 1922 1150 2011 ewangeliste,
1180 1922 1272 1994 bono
1307 1941 1349 1994 ac
1379 1921 1572 1995 deliberato
1606 1923 1725 1995 animo
1748 1923 1961 2011 maturoque
1985 1940 2064 1994 con·

522 2029 600 2101 silio
625 2031 821 2100 amicornm
845 2048 1006 2100 meorum
1028 2027 1224 2121 prehabito,
1249 2029 1293 2100 ob
1316 2027 1516 2102 remedium
1539 2034 1576 2102 et
1598 2028 1753 2102 salutem
1777 2030 1896 2099 anime
1919 2047 1999 2099 mee
2023 2049 2065 2101 ac

469 2167 472 2173 ·
519 2139 710 2229 parentum
732 2155 904 2222 meorum,
927 2135 1094 2209 videlicet
1116 2137 1278 2228 Hepuoaa
1301 2137 1373 2208 Bar
1396 2139 1508 2230 petris
1531 2139 1604 2210 mei
1628 2140 1664 2208 et
1690 2133 1916 2225 Margarethe
1939 2138 2086 2208 matris.

480 2263 483 2270 ·
517 2261 605 2328 mee,
641 2243 793 2316 iretrum
823 2247 860 2314 11
893 2263 1055 2316 sororum
1087 2263 1226 2316 necnon
1259 2243 1387 2336 Pylene
1422 2247 1553 2317 sororis
1586 2247 1734 2317 1111111
1768 2241 1905 2314 domiui
1937 2241 2065 2336 loseph

518 2349 659 2423 heredis
697 2351 736 2422 in
763 2353 965 2434 Grodaiskq
1003 2352 1282 2424 irreuocnbiliter
1320 2371 1410 2444 pure
1449 2351 1582 2425 donaui
1624 2351 1777 2424 discreto
1811 2352 1889 2421 viro
1921 2347 2065 2422 donnino

519 2455 664 2531 Nicolao
683 2457 777 2530 dicto
793 2456 921 2551 Leypq
945 2458 1126 2549 quondam
1140 2459 1287 2550 chslai
1304 2458 1349 2531 de
1363 2461 1567 2548 Grodaislco,
1582 2459 1734 2552 plebano
1750 2461 1790 2530 in
1804 2459 2065 2546 opolenpeeob.

519 2565 563 2638 ob
590 2564 776 2637 iidelitatis
805 2567 959 2638 seruicia
990 2565 1101 2638 michi
1129 2587 1194 2658 per
1217 2587 1300 2638 eum
1331 2570 1505 2659 impenso,
1536 2568 1574 2638 in
1602 2565 1806 2638 molendino
1829 2583 1909 2637 meo
1933 2566 2066 2636 situnto

519 2691 625 2764 super
647 2671 760 2745 iiurnio
783 2675 1026 2762 Mopielnpcze
1048 2672 1155 2759 dicto,
1183 2692 1294 2767 prope
1322 2679 1480 2746 cnstmm
1504 2678 1540 2746 et
1562 2677 1601 2746 in
1630 2673 1713 2766 aliis
1743 2672 1910 2745 omnibus
1934 2671 2066 2744 molen·

519 2781 621 2866 dinis,
655 2783 828 2871 quotquot
859 2783 898 2852 in
932 2779 1058 2854 eodem
1079 2781 1193 2854 ilnuio
1228 2785 1312 2854 nuta
1345 2786 1383 2854 11
1411 2785 1506 2854 retro
1538 2780 1619 2853 lieri
1650 2784 1826 2874 possunt.
1840 2779 1887 2853 de
1908 2779 2068 2870 qualibet

519 2888 622 2962 rothe
650 2887 844 2960 conradem
876 2888 1041 2973 molente,
1075 2893 1116 2961 vt
1143 2889 1238 2961 inira
1264 2889 1411 2981 potabit,
1440 2909 1554 2962 vnum
1582 2889 1789 2962 tereiarium
1818 2887 1944 2973 iarine,
1971 2886 2068 2978 quod

519 2995 627 3087 uulgo
649 2998 873 3084 renootbnplr
895 2993 1036 3082 dicitur,
1060 3015 1227 3068 mensure
1248 2997 1396 3082 usualis,
1419 3003 1461 3069 vt
1483 2999 1571 3070 iuris
1595 3001 1653 3068 est
1674 2995 1762 3069 dicti
1776 2997 1847 3068 mei
1871 2994 2067 3079 districtus,

520 3103 672 3194 singulis
700 3105 922 3195 septimanis,
951 3103 1119 3176 videlicet
1150 3102 1209 3176 die
1241 3103 1382 3178 sabbati
1415 3105 1484 3176 sibi
1519 3107 1667 3195 suisque
1699 3103 1968 3176 suecessoribus
1990 3123 2067 3195 per·

518 3213 636 3304 petuis
660 3210 891 3303 temporibus,
927 3214 1024 3284 omni
1058 3209 1314 3304 impedimento
1348 3213 1581 3305 proeulmoto.
1626 3211 1753 3285 Eciam
1783 3210 1829 3284 do
1860 3216 1897 3283 et
1924 3211 2068 3284 contero

521 3317 615 3391 dieto
650 3318 793 3391 domiuo
822 3318 968 3391 Niooieo
1000 3325 1038 3391 at
1069 3321 1147 3392 eins
1174 3310 1448 3393 'suecessoribus
1483 3323 1636 3410 quatuor
1668 3323 1862 3410 gurgrsua
1889 3318 2070 3410 wlgariter

519 3429 658 3498 11111111
698 3427 794 3497 cirea
826 3425 1007 3517 quodlibet
1037 3427 1283 3500 molendinum
1317 3432 1354 3498 11
1386 3431 1425 3500 in
1457 3427 1618 3520 quolibet
1648 3431 1778 3517 stagno
1806 3427 1973 3520 ponenda
2003 3447 2068 3520 pro

521 3537 669 3628 capture
690 3536 845 3627 piscium
875 3535 914 3606 in
943 3533 1102 3624 qualibet
1132 3541 1234 3627 parte
1263 3535 1426 3607 iiuminis
1464 3538 1503 3607 in
1539 3537 1729 3606 structuris
1767 3534 1836 3607 sibi
1858 3535 1966 3614 iactis
2004 3552 2068 3628 pro

520 3661 646 3714 mensa
679 3661 803 3714 eorum
835 3661 919 3714 eum
960 3640 1101 3714 duobus
1138 3645 1256 3715 nassis
1296 3643 1478 3733 vulgariter
1514 3645 1687 3714 macinae
1723 3641 2067 3738 11111111111111111.

520 3745 644 3822 Boiam
681 3748 726 3822 do
761 3753 798 3820 et
828 3748 971 3822 coniero
1004 3747 1098 3821 dicto
1135 3749 1278 3822 domino
1314 3749 1460 3822 Nicoiao
1491 3751 1640 3842 suisque
1664 3750 1934 3835 successoribus
1955 3771 2070 3822 annm

521 3875 689 3930 mansum
722 3856 875 3928 liberum
897 3859 937 3929 in
959 3858 1183 3946 Opnlcnpezo
1212 3857 1258 3930 ad
1289 3861 1405 3950 ipsius
1434 3877 1542 3930 nsum
1572 3862 1610 3929 et
1636 3875 1785 3930 suorum
1819 3877 2069 3930 successorum

521 3983 585 4056 per
606 3983 647 4036 se
669 3963 728 4036 vel
751 3964 839 4037 nlios
862 3967 1010 4056 quosuis
1032 3964 1367 4050 laicos'coleudum,
1391 3971 1469 4038 tam
1484 3966 1634 4056 longum
1649 3968 1686 4037 11
1703 3964 1829 4051 latum,
1852 3969 1894 4037 rt
1917 3967 2069 4038 aliorum

521 4069 734 4144 villanorum
757 4074 875 4144 mansi
898 4075 1134 4158 eontinentur,
1157 4072 1310 4145 liberum
1333 4073 1379 4145 ab
1395 4075 1493 4145 omni
1516 4073 1698 4145 solucione
1721 4077 1759 4144 11
1772 4072 1902 4158 labore,
1926 4077 1964 4145 11
1987 4073 2068 4166 alijs

523 4179 710 4269 quibusuis
738 4179 987 4252 execcionibus
1010 4181 1252 4272 proculmotis,
1277 4200 1361 4253 cum
1384 4183 1575 4254 omniiure
1591 4184 1628 4252 et
1646 4180 1803 4252 dominio
1826 4184 1947 4273 ipsum
1970 4200 2069 4252 men·

505 4287 603 4358 'miii'
625 4292 757 4372 tenere,
780 4287 913 4360 hebere
947 4292 983 4359 et
1012 4290 1132 4378 quiete
1162 4287 1345 4381 possidere
1376 4287 1578 4361 secundum
1608 4307 1716 4360 suum
1747 4308 1789 4359 ac
1819 4305 2069 4360 suorum'suc·

523 4412 706 4468 censorum
726 4394 900 4488 placitum
922 4395 1020 4467 licite
1052 4400 1090 4467 et
1120 4395 1231 4468 libere
1260 4417 1373 4469 vnum
1403 4397 1461 4468 vel
1490 4396 1612 4488 plures
1635 4397 1675 4467 in
1697 4393 1824 4468 eodem
1847 4416 1974 4468 manso
1999 4397 2070 4468 cnl-

520 4501 615 4575 tores
645 4523 711 4575 scu
746 4502 834 4574 alios
868 4505 1016 4594 quosuis
1049 4503 1207 4576 artifices
1243 4505 1425 4589 collocare,
1456 4507 1494 4576 et
1521 4502 1572 4595 hij
1605 4505 1645 4575 in
1679 4502 1806 4576 eodem
1838 4523 1966 4584 manso
2006 4523 2071 4596 per

523 4609 642 4701 ipsum
676 4613 754 4682 siue
793 4629 878 4682 suos
918 4630 1144 4683 successores
1182 4615 1378 4697 constituti,
1410 4614 1450 4683 in
1480 4613 1563 4704 viis,
1597 4613 1760 4703 meisque
1791 4611 1905 4697 siluis,
1943 4611 2069 4697 bonis,

522 4715 737 4803 nemoribus,
765 4720 921 4812 pascuis,
953 4721 1056 4809 aquis
1087 4724 1125 4790 et
1146 4722 1259 4812 protis
1292 4719 1518 4810 singulisque
1548 4718 1715 4790 omnibus
1747 4717 1793 4790 ad
1815 4738 1940 4792 eorum
1962 4739 2070 4792 nsum
2152 4707 2156 4716 ’

524 4825 780 4918 spectantibus,
807 4830 849 4897 vt
871 4826 931 4918 nlij
957 4829 1029 4898 mei
1051 4827 1177 4900 villani
1198 4829 1238 4900 in
1267 4825 1466 4899 hereditate
1488 4825 1652 4920 predicto
1685 4828 1783 4899 omni
1812 4825 2070 4920 impedimento
2173 4883 2174 4886 r

525 4933 667 5007 euolutc
699 4934 860 5026 plennria
890 4933 1072 5024 gaudeant
1104 4933 1278 5007 libertate.
1326 4933 1451 5007 liciam
1486 4933 1531 5006 do
1567 4939 1604 5006 et
1631 4933 1775 5007 contero
1805 4933 1901 5007 dicto
1924 4933 2071 5008 domiuo
2127 5029 2130 5036 .

525 5037 672 5114 Nicolao
694 5045 732 5114 et
754 5043 830 5113 suis
853 5041 1121 5116 successoribus
1153 5047 1226 5114 tres
1249 5043 1399 5128 insulas,
1429 5043 1613 5132 wigeriter
1634 5048 1788 5131 ostrctnp
1810 5041 1937 5130 dictus,
1960 5063 2072 5115 vnarn

523 5149 616 5222 retro
640 5151 778 5222 curiam
810 5167 926 5234 suam,
962 5149 1070 5222 oliam
1092 5169 1203 5243 prope
1225 5149 1382 5223 iluuium
1405 5149 1607 5242 predictum
1639 5154 1677 5222 et
1708 5155 1868 5222 castrum
1902 5155 1940 5224 et
1977 5153 2072 5223 circe

524 5253 676 5330 eandem
696 5257 854 5330 1111111111
885 5259 965 5351 ipse
987 5260 1025 5330 et
1046 5261 1104 5330 sui
1127 5277 1354 5331 successores
1381 5261 1559 5351 piscinam
1587 5259 1628 5331 in
1650 5255 1878 5331 latitudinem
1901 5263 1938 5330 et
1959 5257 2072 5348 longi·

525 5360 688 5438 tudluem
714 5365 785 5438 sibl
814 5371 1076 5460 competentem
1105 5371 1258 5464 posnani
1287 5367 1335 5442 ad
1356 5367 1548 5441 utilitatem
1578 5367 1635 5440 sui
1665 5385 1866 5464 preparare.
1912 5367 2071 5442 1111111111
