4706 6356
427 689 516 768 dam,
553 672 793 768 obligandam,
833 672 1136 762 commutandam,
1178 671 1431 760 vtiirucndem,
1474 675 1689 761 donandam,
1739 673 1966 748 alienandum

427 799 460 867 ct
482 785 527 861 ad
549 805 636 857 vsus
661 805 745 856 snos
770 805 988 876 suorumque
1012 783 1184 856 heredum
1208 788 1244 856 ct
1259 785 1516 874 legittimorum
1534 803 1785 856 successorum
1801 784 1966 877 benepla-

427 905 511 977 citos
542 892 829 978 conuertendam,
861 899 967 986 prout
999 893 1068 964 sibi
1099 897 1135 964 ct
1165 895 1241 964 suis
1270 892 1538 964 successoribus
1571 891 1741 986 predictis
1773 893 1902 965 melius
1931 897 1967 964 et

428 1007 543 1083 vtilins
566 1001 746 1074 videbitur
777 1001 952 1094 expedire,
977 1003 1187 1093 promittens
1224 1001 1385 1094 prelatus
1419 1001 1594 1072 Iohannes
1617 1001 1843 1074 Leonnrdum
1867 1021 1966 1092 sepe·
2037 1053 2040 1062 .

427 1116 558 1192 dictum
581 1113 617 1182 ct
639 1129 865 1182 successores
889 1131 973 1180 suos
1004 1110 1199 1200 legittimos
1224 1109 1408 1198 exbrigarc
1432 1111 1468 1180 et
1491 1109 1661 1181 eliberarc
1691 1112 1791 1181 iuxta
1821 1113 1877 1180 ius
1900 1113 1968 1180 ter·

271 1257 276 1270 ·
427 1225 533 1300 restro
557 1237 578 1290 a
601 1217 759 1308 quolibet
787 1217 931 1289 homine
954 1217 1049 1290 hanc
1072 1218 1194 1289 villam
1227 1219 1424 1289 Strazaowo
1459 1218 1563 1288 modo
1595 1220 1683 1290 iuris
1707 1221 1751 1289 ,ct
1781 1221 1969 1290 consuetu·

427 1331 527 1407 dinis.
572 1325 645 1398 Nos
668 1346 752 1398 vero
775 1325 1024 1398 vendicionem
1049 1331 1084 1398 ct
1107 1327 1392 1417 resignacionem
1420 1325 1599 1420 predictas
1631 1346 1751 1397 coram
1774 1325 1878 1398 nobis
1901 1329 1969 1398 rite

427 1445 461 1515 et
481 1433 752 1520 ractonabiliter‚
775 1437 817 1506 ut
838 1437 1067 1528 premittitur,
1091 1435 1217 1520 lactes,
1242 1439 1350 1520 ratas,
1374 1438 1496 1524 gratas
1513 1439 1620 1526 atque
1640 1433 1767 1504 firmas
1783 1433 1969 1518 habentes,
2106 1521 2110 1529 Ι

426 1551 521 1642 ipsas
549 1543 784 1628 ratificamus,
815 1544 1075 1633 gratificamus
1108 1543 1323 1636 aprobamus
1354 1547 1390 1614 et
1422 1543 1690 1632 confirmamus,
1727 1539 1969 1628 coementes,

426 1659 521 1750 ipsas
543 1651 651 1723 robur
672 1657 843 1744 perpetue
866 1652 1050 1723 firmitatis
1075 1651 1242 1724 obtinere.
1290 1652 1425 1722 Harum
1449 1650 1579 1742 quibus
1603 1649 1763 1738 sigillum
1790 1655 1969 1741 magesta-

428 1765 472 1836 tis
509 1763 628 1832 nostre
670 1779 869 1852 appensum
914 1765 969 1830 est
1010 1761 1214 1831 testimonio
1251 1760 1460 1831 litterarum.
1507 1759 1641 1830 Actum
1679 1755 1850 1830 Cracouic
1880 1757 1971 1832 teria

428 1870 534 1945 tercia
555 1869 638 1960 post
660 1865 876 1940 dominicam
900 1867 1001 1940 Oculi
1026 1869 1106 1954 mei,
1131 1888 1223 1940 anno
1247 1868 1392 1940 Domini
1407 1867 1596 1939 millesimo
1616 1865 1969 1957 quadringentesimo

429 1979 560 2072 quarto.
606 1973 835 2048 Prescntibus
858 1975 930 2068 hils
954 1977 1136 2047 strennuis
1167 1975 1417 2066 nobilibusque
1439 1975 1543 2047 viris:
1590 1973 1693 2046 Petro
1716 1973 1861 2047 iimithc
1885 1975 1972 2048 San·

430 2085 642 2168 domiriensi,
673 2083 830 2155 Iohanne
858 2083 1015 2174 Liganza
1045 2083 1278 2168 Lanciciensi,
1308 2082 1435 2156 Iacobo
1460 2083 1504 2154 de
1527 2085 1742 2170 Konccapole
1765 2083 1972 2174 Syradicnsi

428 2191 602 2288 palatinis,
633 2187 814 2262 Clemente
838 2189 883 2262 de
910 2193 1120 2262 Moslcoracw
1143 2191 1372 2276 Wisiiciensi,
1403 2189 1549 2262 Nicolao
1573 2189 1815 2282 Woynicensi,
1847 2191 1972 2264 castel·
2046 2222 2051 2232 ·

429 2301 518 2382 lanis
541 2301 577 2370 ct
600 2297 807 2370 Gncwossio
831 2296 875 2370 de
897 2301 1083 2370 Datercicze
1113 2298 1377 2372 subcamerario
1402 2297 1640 2382 Cracouiensi,
1672 2297 1867 2390 multisque
1891 2299 1972 2390 aliis

430 2407 557 2480 nostris
580 2403 748 2477 fidelibus
771 2405 976 2497 sidedignis.
1024 2406 1159 2479 Datum
1189 2426 1254 2500 per
1285 2427 1416 2480 manus
1438 2405 1654 2478 venerabilis
1677 2405 1813 2478 domini
1835 2405 1974 2480 Nicolat

430 2515 596 2608 prepositi
624 2515 741 2585 sancti
772 2513 927 2586 Floriani
959 2517 1059 2586 extm
1089 2535 1210 2587 muros
1234 2513 1491 2608 Cracouienses
1524 2517 1562 2608 et
1590 2515 1693 2605 regni
1715 2513 1859 2586 Polonic
1882 2517 1974 2587 vice

432 2621 640 2714 cancellarii,
670 2621 774 2695 nobis
804 2623 943 2694 sincere
966 2621 1096 2694 dilecti.
1120 2661 1166 2674 —
1187 2621 1247 2694 Ad
1274 2623 1489 2696 relacionem
1521 2623 1682 2695 eiusdem
1716 2621 1854 2696 Nicolai
1882 2625 1976 2696 vice·

415 2729 627 2836 ¹cancellarii
652 2729 782 2822 Donyn
806 2732 1004 2802 canonicus
1028 2728 1340 2803 Sandomiricnsis.
1649 2753 1652 2758 ·

587 2925 726 3002 Ousia-¹
742 2927 962 3002 mretricem,
980 2925 1182 3002 pmenowmy
1196 2925 1225 2986 'w
1239 2925 1400 3008 neum
1410 2927 1542 3002 ιιριιιι,
1559 2885 1799 3003 empireus
1809 2927 1973 3001 μιιιιιιι.

430 3015 508 3088 ⁸505»
525 3021 679 3092 ΨΜ]
696 3016 746 3090 bil
764 3017 928 3092 Ρῖθῐιιθιῐιὶο
946 3018 1085 3092 Ρίιιιιοιι
1102 3017 1300 3088 maiestatem,
1318 3019 1476 3090 unicornus
1500 3035 1539 3075 na
1554 3017 1682 3076 smurku
1698 3035 1714 3075 r
1732 3019 1877 3092 aiclonego
1896 3019 1907 3075 i
1924 3037 1974 3094 pq·

431 3123 538 3180 mago
554 3103 704 3178 icdrvcbin,
721 3124 759 3182 po
776 3105 867 3179 ktdrci
887 3107 1032 3182 porostsla
1049 3107 1130 3182 tylko
1148 3107 1272 3184 skornps
1288 3106 1409 3182 spodnis
1426 3108 1477 3166 bec
1495 3107 1699 3182 wicmchnicgo
1716 3107 1851 3184 wyciskn.

589 3269 613 3342 ¹)
632 3267 870 3328 Βιαιιᾶόιιπιιί
888 3287 914 3328 rr
931 3285 1003 3345 perv.
1021 3267 1284 3342 musionium,
1301 3287 1362 3346 pur.
1380 3269 1528 3328 Radornrl.

436 3667 488 3736 rc.
534 3665 633 3740 1404.
658 3579 1190 3757 dietimblertdindcd.

591 3845 796 3922 (ιιιιιιιιιιιι
819 3845 932 3920 ebbas
955 3849 1164 3920 monasterii
1184 3845 1383 3920 Laudensis
1406 3845 1552 3922 Nicolac
1576 3772 1760 3979 Reprecht
1782 3773 1918 3923 molam
1939 3852 1979 3944 ιιι

436 3951 517 4026 villa
540 3954 738 4030 Wiersbioo
761 3955 882 4028 XXIV
905 3957 1037 4030 marcis
1058 3953 1193 4052 vendit.
1295 3995 1297 4000 ·
1491 3985 1494 3992 ¹

591 4133 633 4208 Iu
665 4137 811 4208 nomine
852 4135 998 4208 Domini
1033 4155 1150 4208 emen.
1202 4133 1262 4208 Ad
1292 4138 1504 4228 perpetuam
1537 4137 1590 4209 rei
1628 4139 1849 4211 ιιιιιιιοιιιιιι.
1904 4137 1979 4212 Nos

437 4235 770 4316 mercenarius
803 4243 914 4316 abbas
945 4245 1153 4316 monasterii
1183 4241 1392 4329 Landcnsis,
1424 4243 1587 4334 (ordinis)
1618 4243 1877 4331 cisterciensis,
1908 4246 1982 4320 dio·

437 4351 525 4422 cesis
540 4349 770 4437 limenensis,
795 4350 1045 4443 significamus
1061 4356 1184 4424 tenore
1205 4355 1444 4445 presencium,
1467 4352 1597 4444 quibus
1613 4351 1766 4446 expedit,
1788 4357 1980 4440 vuluersts,

438 4455 509 4528 lam
541 4459 780 4551 presentibus,
822 4478 932 4551 quam
963 4459 1106 4545 tuturis,
1136 4461 1363 4552 presencium
1393 4463 1564 4533 noticiam
1593 4460 1781 4548 habituris,
1812 4461 1908 4553 quod
1938 4483 1983 4535 ex
2116 4466 2121 4474 '

439 4563 578 4640 arbitrio
601 4566 736 4640 salubri
752 4570 789 4640 et
811 4587 989 4640 consensu
1010 4567 1164 4642 botrum
1181 4573 1386 4640 conuentus
1410 4571 1534 4654 nostri,
1558 4569 1804 4643 molendinum
1817 4577 1983 4644 nostrum

437 4665 474 4741 in
493 4669 690 4748 hereditate
713 4681 836 4748 nostre
859 4677 1026 4748 Virzbiao
1043 4679 1068 4766 ¹)
1092 4680 1310 4770 nuncupate,
1340 4678 1435 4749 circa
1457 4673 1605 4769 opidum
1626 4677 1819 4766 Sluptae')
1843 4678 1982 4752 dictum

439 4772 657 4869 ιιιιιιιιιιιιιι,
692 4785 814 4869 situm,
849 4785 956 4856 etin
988 4789 1118 4876 stagno
1153 4782 1197 4856 de
1226 4787 1361 4857 Pooida
1384 4784 1585 4858 documenti
1615 4786 1800 4872 situatum,
1830 4787 1981 4879 prouida
2031 4793 2038 4806 '

439 4885 511 4960 viro
540 4889 687 4964 Nicolco
721 4891 903 5018 Rupreclrt
933 4891 1096 4964 dictet
1060 4896 1096 4964 et
1125 4895 1202 4965 suis
1232 4892 1419 4984 legittimis
1449 4893 1717 4965 successoribus
1752 4893 1983 4969 vendidimus

439 5007 499 5081 pro
521 4996 653 5096 xxiiii
677 5001 808 5073 marcis
829 4999 1041 5073 vendicicnc
1057 5005 1180 5074 ιιιιιιι
1198 5004 1235 5074 ιι
1249 4999 1439 5074 vendimus
1462 5002 1690 5093 presencium
1716 5005 1981 5094 perimerem,

440 5095 561 5178 dantes
584 5111 622 5180 et
644 5105 880 5182 concedentes
904 5107 1021 5180 eidem
1043 5107 1189 5182 Nicoiao
1213 5111 1338 5182 cistris
1359 5109 1627 5182 successoribus
1649 5113 1746 5182 natis
1761 5111 1819 5184 vel
1835 5133 1983 5187 nascen-

441 5201 492 5280 ds
525 5215 724 5306 plenariam
754 5220 792 5290 ct
821 5215 1066 5289 omnimodam
1094 5221 1310 5310 potestatem
1340 5215 1496 5302 tenendi,
1527 5215 1694 5302 habendi,
1726 5222 1982 5310 commutandi,

440 5311 626 5412 obligandi,
658 5323 903 5410 conueniendi,
934 5323 1122 5409 vendendi,
1153 5324 1348 5398 vtiiruendi
1370 5325 1599 5419 perhenniter
1624 5325 1832 5418 possidendi
1862 5334 1899 5403 et
1933 5329 1980 5404 ad

441 5435 524 5500 Vsus
544 5431 764 5507 voluntarios
794 5415 1035 5518 conuertendt,
1065 5435 1165 5508 iuxta
1194 5431 1290 5524 quod
1317 5435 1457 5527 pretato
1486 5433 1633 5508 Nicolso
1655 5435 1713 5507 vel
1743 5438 1820 5511 suis
1850 5457 1976 5531 sequa·
