4734 6356
280 437 324 518 io

279 643 450 718 dominis:
490 643 738 732 Swantboslao
774 643 1013 734 viceoustode,
1050 647 1246 725 Laurencio
1284 647 1330 726 de
1367 649 1642 730 saumata
1678 651 1821 755 vicardo

277 755 461 846 perpetuis
489 753 792 840 Lanciciensibus,
827 753 937 827 Paulo
971 763 1199 848 procuratore
1234 763 1331 834 ouric
1368 763 1666 858 archepiscopais
1689 765 1820 844 ibidem

278 863 375 934 circa
397 861 599 950 ecclesiam,
622 869 660 936 et
681 861 828 936 Nicolao
853 864 932 936 ciue
956 863 1191 954 baucicieusi,
1215 869 1368 942 testibus
1393 869 1440 944 ad
1461 873 1648 964 premissa

437 1059 604 1118 Dohrnrent
630 1061 849 1136 pnrgminowy,
877 1060 1079 1138 pnecborem
1096 1081 1120 1122 ιι
1139 1065 1292 1125 archivum
1320 1067 1452 1142 kapituIJ
1479 1069 1724 1144 metropolibdnej·
1740 1072 1818 1144 gnis·

272 1149 428 1222 inimiakiei
448 1151 593 1298 (113273).
611 1158 764 1226 opctrnouy
783 1150 833 1225 byi
850 1151 1013 1226 pincinie
1029 1152 1114 1224 imur
1132 1156 1278 1230 piecaecip,
1304 1177 1341 1233 po
1360 1159 1449 1231 ktlrrej
1477 1159 1559 1233 tyiko
1576 1158 1662 1234 pasci
1679 1163 1818 1234 pugni.

271 1255 356 1314 Μ]
373 1257 458 1314 9⁰⁸⁰·
499 1282 508 1299 ·
1510 1267 1513 1276 '

271 1641 327 1756 lb.
375 1643 473 1711 1101.
497 1637 556 1711 die
579 1641 634 1711 21.
659 1639 795 1712 mensis
818 1637 914 1726 Meli,
938 1638 1113 1714 Gnesnae.

431 1835 637 1930 Copltulum
676 1835 849 1909 ecciesiae
883 1801 1103 1910 Gnesaensts
1144 1841 1308 1926 testator,
1343 1840 1413 1914 sibl
1446 1862 1469 1913 a
1501 1840 1697 1915 wladislao
1728 1861 1813 1934 rege

267 1943 435 2061 Poloniac
457 1945 562 2018 villas
586 1943 762 2036 quasdam
786 1943 939 2048 ablatas,
959 1946 1144 2018 restitutas
1168 1965 1258 2020 esse.
1552 1979 1554 1984 ¹

429 2141 503 2214 Nos
526 2141 726 2235 capitulum
749 2103 900 2214 ecclesie
923 2137 1143 2215 Gncsnens'is
1166 2148 1291 2216 uotum
1314 2145 1480 2230 iacimus,
1504 2145 1635 2236 qulbus
1658 2146 1821 2240 expedit,

266 2253 457 2336 uniuersis,
481 2249 611 2322 harum
626 2253 832 2322 nostrarum
849 2252 942 2322 serie
959 2250 1144 2322 literarum
1168 2253 1204 2323 et
1226 2251 1369 2344 publice
1389 2257 1692 2344 recognoscimus,
1715 2255 1811 2346 quod

266 2361 519 2437 serenissimos
542 2359 712 2450 princeps
735 2363 771 2430 et
794 2356 961 2430 dominus
991 2363 1123 2444 noster,
1159 2357 1326 2432 dominus
1359 2359 1564 2434 Vladislaus
1597 2361 1666 2434 Dei
1687 2366 1809 2453 gracia

262 2487 334 2538 rex·
359 2465 503 2538 Poionie
533 2464 768 2537 consideratis
803 2471 839 2536 ei
867 2463 1057 2556 diligenter
1086 2470 1234 2539 attentis
1258 2471 1390 2541 nostris
1420 2469 1670 2556 incommodis,
1692 2470 1808 2543 deleo

262 2575 361 2647 tibus
390 2567 498 2677 atque
528 2572 696 2667 dampnis
730 2575 769 2646 in
802 2573 899 2646 villis
935 2573 1081 2667 capituli
1115 2577 1228 2648 nostri
1267 2575 1485 2650 Gneznsnsis
1522 2597 1588 2670 per
1624 2597 1691 2651 nos
1731 2599 1807 2671 per·

261 2684 391 2776 pessis,
422 2680 659 2773 quasquidem
682 2679 788 2753 villas
811 2681 959 2774 capituli
990 2685 1068 2775 ipse
1090 2681 1258 2754 dominus
1288 2689 1409 2757 noster
1439 2705 1502 2756 rex
1534 2705 1599 2778 por
1621 2684 1806 2760 dominum
1885 2733 1886 2738 ι

262 2789 542 2880 Sandaiuogium
584 2788 796 2891 palatinum·
828 2787 1086 2862 Kalissiensem
1124 2795 1162 2862 et
1198 2795 1350 2884 protunc
1392 2793 1621 2884 capitaneum
1663 2792 1805 2866 Poionio

193 2922 196 2926 ·
259 2898 465 2988 generalem
499 2895 696 2970 venerabili
728 2895 832 2970 iratri
865 2903 997 2984 nostro,
1033 2896 1177 2970 domino
1210 2898 1357 2971 Nicoiao
1396 2899 1586 2991 Stroeberg
1625 2903 1804 2993 preposito

261 3005 462 3079 Gnesnensi
485 3003 530 3077 de
557 3025 626 3076 sua
654 3024 755 3078 mora
783 3003 997 3078 liberalitate
1027 3011 1063 3077 et
1096 3006 1186 3078 allas
1213 3006 1447 3097 quouismodo
1480 3005 1575 3093 dare,
1605 3007 1747 3080 tradere
1769 3013 1805 3080 et
1886 3055 1890 3062 -

259 3116 446 3204 assignare
469 3111 716 3196 mandauerat,
747 3115 917 3205 ipsosque
943 3113 1048 3184 villas
1070 3115 1194 3204 rigore
1218 3113 1424 3187 huiusmodi
1446 3115 1608 3210 mandati
1630 3115 1803 3188 hactenus

257 3223 337 3313 ipsa
367 3219 534 3294 dominus
563 3221 768 3313 prepositus
800 3219 1019 3314 possederat,
1057 3223 1205 3314 cupiens
1236 3222 1426 3294 salubriter
1456 3241 1685 3294 communem
1712 3223 1803 3296 vtili·

257 3331 371 3400 tatem
393 3327 542 3420 speciali
557 3327 715 3422 preferre
737 3327 893 3413 utilitati,
919 3347 1043 3400 omnes
1067 3333 1104 3400 et
1127 3329 1289 3420 singulas
1309 3329 1414 3401 villas
1438 3329 1595 3422 capituli,
1618 3351 1709 3420 quas
1724 3332 1803 3422 lpse

256 3436 437 3507 dominus.
456 3435 625 3507 Nicolaus
656 3435 845 3526 Strosberg
875 3438 1077 3528 propositus
1108 3435 1244 3521 habuit,
1275 3439 1392 3509 tenuit
1415 3441 1451 3508 et
1473 3436 1642 3530 possedit,
1665 3444 1706 3509 rt
1727 3458 1802 3530 pro

256 3544 381 3628 fertur,
412 3543 581 3638 similiter,
610 3563 687 3635 per,
705 3562 771 3615 nos
802 3543 988 3630 tenendas,
1016 3543 1241 3615 vtilruendas
1271 3550 1416 3636 propter
1443 3543 1680 3618 residenciam
1708 3549 1803 3618 circa

253 3653 373 3743 ipsam
397 3650 587 3722 ecclesiam
617 3651 864 3724 Gneaucnscm
900 3650 1103 3723 iaciendum
1137 3656 1172 3723 et
1195 3657 1235 3722 vt
1259 3652 1376 3722 cultus
1400 3651 1545 3724 diuinus
1578 3655 1616 3724 in
1651 3653 1802 3724 ecclesia

254 3760 324 3830 Dei
348 3763 532 3848 augeatur,
558 3777 642 3830 oum
665 3779 789 3832 earum
812 3759 979 3831 omnibus
1011 3764 1046 3830 et
1068 3761 1246 3831 uniuersis
1275 3757 1475 3830 redditibus
1503 3767 1539 3831 et
1568 3760 1800 3853 promentibus

252 3867 300 3938 de
333 3887 401 3939 sua
436 3869 538 3956 regia
571 3869 759 3940 maiestate
795 3869 832 3938 in
875 3869 1056 3957 integrum
1087 3869 1245 3939 restituit
1275 3873 1311 3937 et
1339 3869 1479 3938 restitui
1510 3867 1598 3939 iecit
1627 3872 1663 3939 et
1701 3888 1799 3940 man·

251 3975 366 4046 dauit.
414 3974 529 4066 Super
558 3975 776 4066 quaquidsm
805 3977 1037 4048 restitucione
1069 3981 1105 4046 et
1136 3976 1417 4064 reintegrucione
1446 3975 1613 4046 iillamm
1643 3974 1797 4068 abipso

161 4135 166 4142 -
250 4083 397 4154 domino
420 4087 541 4154 nostro
565 4103 649 4172 rege
673 4103 745 4154 non
767 4082 977 4167 recedendo,
1006 4082 1070 4154 scd
1099 4085 1224 4174 pocius
1248 4085 1281 4152 ei
1304 4082 1499 4154 inherendo
1523 4089 1559 4154 et
1582 4081 1794 4168 assistendo,

249 4211 318 4263 nos
341 4192 455 4282 ipsius
491 4189 691 4262 defensioni
725 4196 762 4262 et
784 4193 932 4262 tuicioni
955 4191 1154 4262 subicimus
1189 4208 1383 4279 secumque
1417 4199 1513 4261 stare
1547 4193 1632 4262 totis
1658 4187 1795 4261 viribus

247 4299 504 4390 promittimus.
550 4299 591 4370 In
620 4301 724 4370 cuius
751 4301 803 4370 rei
831 4301 1078 4370 testimonium
1109 4297 1268 4386 sigillum
1296 4303 1458 4368 nostnrm
1487 4303 1542 4369 est
1569 4296 1793 4388 presentibus

2004 681 2053 756 lo.
2099 671 2197 747 1401.
2222 660 2280 750 die
2303 675 2357 753 bi

2157 888 2363 968 wladislau

2000 999 2115 1084 viliam
2136 999 2346 1074 Podomroo

2152 1211 2363 1293 wladislaus

1995 1319 2151 1396 otiores
2183 1319 2311 1396 Ruseie
2340 1347 2363 1400 e

1995 1431 2152 1520 respectu
2175 1425 2222 1500 ad
2242 1437 2363 1508 coneto

1992 1535 2219 1621 Smebwinoa,
2247 1544 2363 1614 nostro

1992 1640 2194 1728 exhibenda,
2226 1641 2296 1720 sibi
2330 1645 2363 1722 o«

1991 1747 2221 1839 concedimus
2240 1751 2363 1830 laeuo

1988 1843 2201 1946 Pobedeabity'
2228 1861 2347 1950 sitam,

1988 1965 2121 2038 numeri
2143 1963 2363 2058 Polonlcalis,

1987 2069 2100 2156 tendo,
2122 2073 2248 2162 tenuit,
2270 2077 2363 2152 nobli

1987 2179 2064 2250 dem
2087 2183 2231 2266 centurn
2254 2189 2363 2258 marci

1986 2286 2145 2374 obligare.
2192 2286 2363 2384 Quamqui

1985 2412 2184 2482 grossorum
2207 2415 2290 2470 cum
2313 2403 2363 2474 eiu

1983 2499 2090 2585 siluis,
2121 2505 2336 2593 nemoribus,

1983 2608 2152 2680 uniuersis
2186 2612 2363 2710 tenebit]

1981 2717 2052 2785 suis
2073 2713 2230 2807 predicte
2253 2727 2363 2796 centu

1981 2821 2049 2892 inte
2085 2823 2304 2914 integraliter
2340 2851 2363 2904 e

1982 2931 2257 3018 possessionibus
2279 2937 2347 3010 sub

248 4405 530 4497 subappensum.
576 4409 710 4478 Actum
752 4413 789 4478 et
823 4404 949 4477 datum
987 4405 1129 4478 Gnezne
1160 4403 1309 4476 sabbato
1340 4407 1377 4476 in
1412 4406 1536 4494 uigilia
1567 4406 1793 4478 Pentecostes
1878 4409 1879 4412 ’
2012 4499 2019 4516 ⁸

248 4533 346 4584 enno
359 4511 513 4584 'Domini
536 4515 725 4585 millesimo
749 4513 1100 4604 quadringentesimo
1124 4513 1250 4604 primo.
1359 4541 1362 4550 ’

412 4709 490 4765 'reka
515 4709 728 4768 Nerusaewicaa
758 4713 791 4782 lO
810 4711 848 4767 N.
866 4712 903 4767 25
920 4729 937 4768 2
955 4711 1104 4783 oryginaiu
1132 4709 1383 4786 pergaminowcgo,
1412 4709 1646 4783 praechonanego
1673 4706 1790 4783 niegdyi
1860 4769 1869 4791 θ
2011 4769 2017 4786 ⁸

63 4797 86 4838 's
242 4819 270 4857 n·
290 4799 456 4856 Arelliorum
475 4799 637 4868 kororrucm,
656 4817 675 4856 ιι
695 4800 811 4873 ktdrego
831 4801 938 4858 wisiela
955 4799 1040 4872 jedna
1057 4799 1168 4874 picozed
1187 4817 1225 4855 aa
1242 4799 1332 4872 parim
1352 4800 1597 4874 pergaminowym.

758 4985 761 4992 .
779 4943 851 4983 Ἀ
