4722 6360
364 715 482 792 eidem
507 718 699 792 Serenitati
720 721 840 792 restro
863 720 912 792 sit
934 717 1025 790 liber
1046 737 1145 790 rsus.
1191 718 1232 792 ln
1255 719 1359 792 cuius
1374 720 1530 809 grateriis
1547 721 1786 793 concessionis
1809 723 1901 801 teser.

364 829 526 900 monium
561 826 721 918 sigillum
755 832 918 899 nostrum
948 826 1175 920 presentibus
1206 830 1262 898 est
1292 845 1502 922 appensum.
1556 827 1690 900 Datum
1720 829 1758 900 in
1787 833 1901 911 casim

234 1011 244 1034 Δ,
363 939 484 1008 nostro
507 932 649 1026 lilibing,
676 937 756 1030 ipso
780 933 838 1008 die
861 939 985 1008 sancte
1007 936 1196 1026 Agneusp
1227 954 1320 1014 anno
1344 933 1490 1010 Domini
1519 935 1709 1026 millesimo
1739 935 1900 1028 quadris.

361 1044 562 1133 gentesimo
585 1047 724 1117 octauo.

526 1238 693 1299 Dohnrent
715 1241 935 1318 pergrminony,
962 1237 1165 1316 pnechoweny
1183 1258 1208 1299 w
1226 1239 1381 1300 mitiorum
1406 1240 1538 1318 hpituiy
1563 1241 1799 1320 metropolihlnei
1826 1247 1901 1319 gnis.

363 1328 519 1402 iniodekiei
539 1331 589 1402 (Ν.
608 1333 682 1404 305).
719 1331 834 1402 Pieoaeo‘
852 1349 925 1390 reru
942 1349 958 1388 a
976 1329 1104 1406 peakiem
1121 1334 1362 1406 pergumlnovynr
1378 1330 1536 1392 edm
1571 1327 1576 1336 ’

525 1420 592 1480 Jsrt
609 1421 618 1480 i
637 1419 723 1499 drugi
741 1422 872 1497 orygr’nci
889 1428 955 1497 tego
980 1419 1156 1480 dokunrcntn
1174 1439 1201 1480 π
1219 1425 1308 1480 terete
1326 1421 1481 1480 archivum
1496 1423 1753 1498 metropolitalnern
1771 1423 1822 1498 (N.
1840 1427 1901 1504 boo)

361 1528 394 1569 ne
411 1511 576 1584 nniuccona
593 1511 742 1587 pieczeoia,
760 1513 851 1584 ktbrei
870 1506 973 1570 resntki
992 1511 1171 1588 prnylepione
1189 1511 1228 1572 do
1245 1511 1335 1588 paska
1351 1513 1605 1588 pergaminowego.
1640 1513 1679 1570 W
1702 1519 1764 1587 tyni
1791 1511 1900 1590 dragini
1947 1505 1949 1512 ’

361 1601 557 1676 egnernpimu
581 1620 614 1674 sp
631 1602 813 1678 nmtppujpce
839 1601 986 1662 odmimri
1015 1601 1144 1660 tolutim:
1174 1606 1201 1674 1)
1225 1601 1328 1676 dodoie
1356 1619 1482 1673 ‚necnon
1509 1603 1540 1661 in
1567 1603 1642 1660 silua
1662 1603 1724 1660 siue
1751 1603 1900 1668 solitudine

360 1691 537 1764 ΒΜ
554 1691 626 1750 aiios
643 1691 772 1766 Radropi
787 1691 892 1766 dicts“,
911 1693 941 1766 2)
959 1693 1068 1752 Datum
1087 1692 1118 1750 in
1136 1699 1230 1751 castro
1246 1699 1343 1753 noetru
1360 1692 1552 1768 lieriemborp
1568 1693 1642 1752 terte
1656 1697 1759 1771 quarm
1775 1693 1901 1769 proxim

359 1787 426 1839 ante
444 1781 549 1840 tatem
564 1781 738 1842 Pnimrnm.

360 2183 440 2282 iii.
484 2182 584 2254 1408.
609 2177 668 2254 die
690 2184 722 2254 2.
747 2181 882 2254 mensis
905 2177 1100 2264 Februarii,
1124 2181 1176 2266 (ln
1198 2179 1352 2272 Latini·

521 2375 676 2450 liothies
708 2377 820 2451 abbas
850 2378 1059 2450 monasterii
1087 2375 1304 2452 Lubinensis
1334 2376 1512 2450 Stonieiao
1540 2376 1720 2469 quondam
1751 2379 1899 2454 scrrltoto

358 2478 403 2558 de
426 2477 577 2558 zoam
601 2485 734 2559 moiorn
756 2489 863 2558 vento
888 2487 1072 2576 emtatem,
1095 2483 1225 2558 Lubini
1249 2487 1366 2570 sitam,
1390 2483 1481 2578 1V1l,
1507 2487 1638 2558 mercis
1660 2483 1792 2558 vendit

433 2713 450 2744 x
519 2683 728 2758 innomine
752 2683 898 2756 Domini
922 2701 1037 2756 emen.
1083 2679 1147 2768 Ea,
1179 2701 1249 2773 quc
1272 2687 1449 2774 genrntur
1468 2684 1508 2762 in
1531 2683 1663 2768 seculo,
1686 2703 1708 2755 a
1731 2687 1901 2758 memoria

357 2791 545 2864 hominum
569 2791 614 2864 de
637 2791 735 2866 iacili
758 2791 939 2875 labuntur,
962 2789 1094 2862 idcirco
1117 2803 1267 2862 necesse
1290 2795 1355 2875 est,
1380 2790 1532 2863 testibus
1555 2790 1771 2883 publicisne
1793 2793 1899 2886 scrip·

358 2901 449 2972 truis
472 2897 641 2972 veridicis
666 2919 709 2972 ea
731 2898 899 2977 roborari.
945 2897 1058 2988 igitur
1071 2897 1238 2971 omnibus
1256 2901 1292 2970 et
1312 2899 1476 2988 singuiis,
1497 2898 1725 2992 presentibus
1749 2903 1785 2971 et
1807 2899 1898 2973 lutu-

357 3010 418 3094 τῖε,
442 3007 489 3080 ed
512 3027 602 3098 quos
625 3027 774 3100 presens
797 3009 932 3102 pagina
954 3006 1149 3091 deuenerit,
1173 3005 1538 3098 pubiieeiunoteseat
1561 3005 1657 3098 quod
1668 3027 1733 3080 uos
1747 3005 1898 3081 liothies

359 3114 482 3188 diuina
518 3117 704 3209 paciencia
738 3111 850 3188 abbas
885 3116 1092 3206 monasterij
1130 3113 1355 3200 Lubinensis,
1391 3113 1526 3186 ordinis
1558 3117 1675 3188 suncti
1705 3114 1897 3202 Benedicti,

357 3223 522 3314 dyocesis
563 3223 828 3308 Poznaniensis,
857 3243 930 3295 vna
965 3243 1049 3295 eum
1088 3227 1270 3296 conuentu
1305 3221 1459 3296 fratrum
1491 3227 1709 3296 nostrornm:
1754 3222 1898 3296 Nicolao

356 3331 514 3404 Rodzine
534 3335 664 3426 priore,
696 3329 842 3406 Nicolao
865 3329 1028 3424 Pyikone
1051 3331 1242 3421 clauigero,
1274 3329 1412 3402 Thomu
1434 3330 1594 3418 custode,
1626 3330 1779 3404 iaroslao
1802 3330 1898 3404 iniir·

356 3441 480 3526 morio,
505 3441 706 3530 ceterisque
728 3438 900 3512 iratribus
936 3438 1244 3524 conuentualtbue,
1275 3437 1351 3511 Deo
1375 3443 1411 3510 et
1434 3439 1538 3512 beate
1560 3439 1671 3512 ilario
1702 3441 1740 3510 in
1774 3438 1898 3512 eodem

357 3550 574 3621 monasterio
598 3547 846 3632 militantibus,
879 3547 973 3620 bona
1003 3544 1262 3618 deliberacione
1285 3550 1498 3638 maturoque
1527 3546 1712 3640 prehabito
1740 3547 1896 3632 consilio,
2037 3575 2038 3578 ¹

354 3655 599 3730 molendinum
629 3661 792 3728 nostrum
815 3655 958 3740 ventilo,
989 3659 1073 3726 ante
1103 3655 1240 3726 curiam
1270 3653 1511 3727 Lubinensem
1534 3656 1656 3740 situm,
1687 3661 1750 3749 pro
1774 3657 1898 3746 quinta

354 3763 504 3837 dimidia
527 3753 659 3837 mercis
682 3783 888 3854 grossorum
911 3762 1140 3837 vendidimus
1171 3761 1321 3855 prouido
1351 3767 1388 3834 et
1409 3762 1584 3835 laborioso
1614 3764 1691 3834 viro
1720 3763 1896 3836 Sianislao

354 3873 536 3964 quondam
559 3871 770 3946 scoltetide
784 3875 952 3957 ‘Zeioena
977 3871 1047 3943 sibi
1071 3890 1113 3942 ac
1136 3873 1213 3942 suis
1236 3873 1357 3962 pueris
1379 3869 1552 3960 legitimis
1575 3872 1671 3943 notis
1694 3877 1729 3942 et
1751 3889 1896 3944 nascen-

354 3981 411 4052 dis
426 4001 566 4054 necnon
581 3982 696 4074 ipsius
710 3980 978 4054 successoribus
992 3984 1163 4072 perpetue
1173 3977 1378 4064 tenendum,
1395 3977 1611 4062 habendum,
1629 3978 1894 4071 possidendum,

353 4089 584 4163 vendendum
604 4094 641 4162 et
664 4087 711 4162 ad
740 4089 983 4182 beneplacitos
1006 4109 1094 4160 rsus
1125 4085 1417 4171 conueniendum,
1447 4087 1548 4158 velut
1577 4088 1665 4178 ipsis
1696 4087 1824 4160 melius
1847 4091 1895 4160 'ec

356 4199 480 4269 utilius
509 4197 690 4270 videbitur
718 4197 895 4289 expedire.
942 4194 1159 4268 Addidimus
1193 4215 1335 4286 quoque
1364 4193 1459 4267 dieto
1491 4193 1762 4267 molendinatori
1785 4214 1895 4267 vnum

222 4329 228 4338 ·
353 4310 471 4378 ortum
496 4308 570 4377 cira
592 4306 712 4376 lacum
735 4303 976 4377 Lubinensenr
1000 4309 1038 4376 et
1059 4323 1169 4396 penes
1191 4305 1301 4388 viam,
1325 4323 1394 4393 que
1418 4301 1517 4374 ducit
1540 4301 1587 4374 ad
1604 4304 1810 4384 wasnaum
1832 4301 1895 4374 scd

354 4412 472 4485 dic-tus
508 4410 771 4484 molendinator
804 4417 841 4485 et
874 4417 931 4484 sui
966 4431 1193 4484 successores
1227 4409 1272 4483 de
1308 4409 1432 4482 codem
1469 4409 1670 4482 molendino
1712 4411 1815 4484 nobis
1853 4429 1894 4482 oc

353 4523 485 4593 nostris
509 4520 778 4594 successoribus
801 4540 910 4592 vnem
936 4540 1095 4593 maroam
1118 4519 1305 4592 annuatim
1328 4538 1391 4612 pro
1411 4537 1523 4591 censu
1538 4519 1690 4590 soluent.
1736 4519 1775 4590 in
1792 4521 1893 4592 cuius

352 4633 403 4702 rei
427 4631 673 4701 testimonium
697 4629 817 4718 sigilla
839 4633 961 4700 nostra
989 4627 1215 4721 presentibus
1246 4631 1333 4699 sunt
1363 4646 1530 4720 appensa.
1578 4626 1712 4698 Datum
1735 4629 1815 4720 ipse
1837 4625 1893 4696 die

352 4737 622 4810 Purificacionis
645 4736 766 4819 biario,
798 4735 865 4807 sub
896 4755 989 4808 anno
1021 4736 1165 4807 Domini
1196 4736 1386 4806 millesimo
1417 4734 1769 4824 quadringentesimo
1792 4733 1891 4804 viiia

352 4844 580 4917 Presentibus
619 4843 691 4936 hijs
726 4846 892 4915 testibus:
940 4843 1112 4935 Phyiippo
1145 4843 1190 4915 de
1226 4846 1458 4926 Drzeaelcoroo,
1495 4841 1640 4914 Andrea
1677 4844 1809 4914 vicario
1849 4838 1892 4911 de

349 4955 474 5026 Latin
497 4957 533 5024 et
555 4951 771 5024 Caechoslao
796 4954 923 5024 clerico
948 4957 984 5024 et
1007 4953 1089 5044 aliJs
1113 4950 1386 5045 quampluribus
1410 4950 1613 5041 fidedignis.

512 5149 678 5232 Doloment
705 5119 924 5222 pergamiucny}
952 5147 1151 5224 praechonany
1183 5166 1209 5204 w
1236 5148 1402 5222 bibliotecc]
1414 5149 1456 5206 br.
1477 5147 1674 5220 Rerzyrislrieh
1694 5165 1718 5204 n
1738 5147 1881 5206 Poaneniu

345 5247 502 5316 opmtrzouy
521 5239 570 5314 byi
589 5237 693 5314 niogdy
712 5239 831 5298 dwiemo
854 5239 1042 5316 pieezpciomi,
1070 5257 1108 5298 na
1126 5238 1253 5314 pnsirnch
1271 5239 1518 5318 purgeminowycir
1536 5239 1740 5307 arwimzonerni,
1767 5233 1886 5316 ktdrycin

344 5330 407 5394 deii
426 5331 506 5390 brak.
