4720 6360
1868 459 1933 544 cta
1968 565 1976 576 p

196 745 204 760 .
254 755 264 776 ,
349 763 352 768 ,
403 688 616 762 successores
640 661 755 761 lpslus
780 687 823 740 ac
846 683 1009 740 mensem
1033 664 1282 760 episcopalem¹
1296 664 1500 752 tenendam,
1531 664 1747 752 habendam,
1781 619 1937 740 commu·

206 767 216 782 '
316 790 321 801 ’
403 783 548 870 tundam,
580 774 795 861 donandam,
824 774 1051 848 alienandum
1085 779 1121 846 et
1152 775 1373 867 temporibus
1396 777 1578 868 perpetuis
1602 774 1867 868 possidendam,
1901 781 1938 846 et

402 907 432 976 in
474 906 571 960 vsus
598 902 683 956 suos
730 887 766 955 et
811 903 1060 955 successorum
1108 903 1254 955 suorum
1293 883 1582 956 conuertendam.
1630 883 1806 956 Smislaus
1852 901 1936 956 vero

402 996 571 1104 predictus
614 1011 697 1062 curn
743 990 811 1063 alio
850 989 926 1063 lilio
965 1011 1030 1062 suo
1079 990 1309 1083 Boguphaele
1354 991 1485 1063 debent
1515 993 1637 1064 venire
1685 990 1732 1063 ad
1778 994 1936 1063 nostram

400 1101 612 1210 presenciam
648 1103 696 1170 et·
726 1097 933 1170 huiusmodi
970 1100 1276 1192 permutacionem
1310 1099 1404 1170 inira
1442 1105 1521 1171 octo
1564 1097 1641 1170 dies
1681 1098 1876 1191 approbare
1900 1102 1937 1168 ct

402 1211 554 1293 similiter
580 1209 771 1296 resignare,
796 1227 859 1299 pro
883 1226 953 1297 quo
977 1205 1234 1278 lideiusserunt
1263 1227 1383 1278 coram
1413 1207 1516 1279 nobis
1547 1206 1665 1279 Paslro
1703 1204 1937 1296 Potrlrorrslry

402 1333 432 1400 at
453 1312 848 1405 Schamko'Lubouslry
872 1334 914 1385 ac
938 1313 1055 1385 dictus
1078 1312 1190 1385 Pelka
1207 1314 1306 1386 iilius
1324 1313 1469 1386 Smislai
1483 1314 1635 1407 predicti
1659 1335 1770 1386 mauu
1793 1316 1937 1386 conlun-

402 1437 461 1514 cta,
493 1441 587 1496 uuus
610 1442 673 1514 pro
698 1422 766 1494 alio
794 1420 975 1506 soluendo,
1012 1441 1078 1494 nec
1115 1422 1204 1493 alter
1226 1442 1290 1513 per
1322 1423 1475 1494 alterum
1505 1441 1545 1494 ea
1575 1421 1789 1494 excusando.
1836 1419 1938 1508 Quod
2018 1439 2022 1446 ·

402 1542 428 1614 sl
459 1551 528 1606 non
562 1528 722 1601 lucerent
754 1528 888 1602 dictum
921 1531 1231 1620 resingnaeionem
1264 1535 1460 1602 memorale
1491 1529 1699 1601 hereditatis
1734 1529 1937 1602 medietatis

402 1641 536 1722 Minoris
555 1639 794 1709 Buloconc'ezc
818 1637 912 1710 inira
927 1637 1136 1709 dictoe'oclo
1160 1636 1248 1721 dies,
1271 1642 1359 1708 tunc
1382 1641 1503 1710 omniu
1522 1637 1689 1729 dampna,
1713 1657 1938 1728 quecumque

402 1750 525 1828 luceret
547 1743 665 1816 dietus
693 1744 860 1818 dominus
884 1748 1073 1838 episcopus
1096 1744 1155 1817 uel
1179 1765 1267 1816 suus
1290 1744 1506 1835 burgrebius
1530 1735 1575 1816 de
1596 1745 1746 1833 oroupa,
1771 1746 1809 1818 in
1823 1743 1937 1817 dietus

393 1857 621 1934 'fideiussores
652 1855 749 1925 etin
780 1873 904 1925 eorum
934 1852 1130 1945 quemlibet
1160 1851 1292 1925 debent
1321 1851 1513 1925 redundari
1543 1858 1580 1924 et
1608 1854 1814 1944 retorqueri.
1862 1851 1938 1942 Qua

402 1966 479 2040 dicti
515 1959 746 2033 iideiussores
784 1963 1026 2053 promiserunt
1064 1960 1203 2032 soluere
1245 1963 1384 2051 integre
1429 1960 1564 2052 absque
1601 1963 1803 2034 iuramento
1841 1959 1938 2033 dicto

401 2073 535 2148 domiuo
559 2071 724 2162 episcopo
759 2069 818 2141 uel
852 2089 918 2141 suo
956 2068 1147 2160 burgrabio
1180 2070 1216 2141 in
1253 2070 1403 2158 maipa,
1444 2073 1505 2160 qui
1539 2069 1649 2142 inerit
1682 2087 1746 2164 pro
1777 2073 1939 2154 ternpore

401 2180 617 2255 constitutus.
664 2175 738 2248 Nos
767 2178 878 2267 igitur
900 2176 1058 2250 'lhomeo
1087 2179 1297 2270 capitaneus
1320 2176 1465 2250 Polonie
1488 2176 1632 2250 Maioris
1654 2175 1838 2270 predictus
1860 2197 1938 2269 per-

401 2287 632 2363 mutacioucm
669 2289 707 2357 et
742 2287 1051 2375 resingnacionem
1089 2284 1259 2377 predicte,
1292 2287 1346 2356 sic
1379 2287 1435 2357 uti
1463 2287 1694 2377 premittitur,
1724 2304 1790 2376 per
1818 2287 1940 2360 omniu

401 2391 564 2468 lubentes
593 2395 682 2478 rate,
712 2397 950 2484 grataatque
972 2391 1136 2464 beniuole
1159 2391 1267 2477 iacta,
1298 2393 1538 2484 approbamus
1562 2398 1598 2465 et
1619 2395 1847 2485 presencium
1869 2395 1938 2464 uir·

400 2507 470 2576 tute
498 2499 766 2573 confirmemus.
812 2501 948 2572 ilerum
977 2499 1108 2592 quibus
1138 2499 1298 2590 sigillum
1328 2503 1491 2572 nostrum
1522 2497 1581 2573 est'
1609 2519 1811 2594 appensum
1839 2504 1938 2574 testi·

254 2683 259 2696 ,
371 2597 511 2681 ·monio
533 2607 728 2680 literarum.
773 2611 907 2681 Actum
938 2612 974 2680 et
1006 2606 1131 2679 datum
1160 2609 1199 2679 in
1229 2607 1407 2680 Poanenia
1429 2611 1469 2680 in
1492 2611 1647 2681 crastino
1671 2613 1796 2682 sancte
1818 2607 1938 2682 Prisce

401 2717 552 2807 uirginis,
588 2735 681 2789 anno
713 2714 859 2788 Domini
892 2715 944 2787 Μο
976 2713 1326 2807 quadringentesimo
1354 2735 1459 2788 nono.
1505 2715 1735 2788 Prcsentibus
1757 2716 1937 2788 nobilibus
2022 2793 2026 2799 ,

401 2827 490 2910 viria,
513 2821 683 2896 dominis:
712 2822 938 2896 Bodnuntha
961 2821 1006 2894 de
1029 2825 1230 2912 Ohlepowo,
1263 2821 1452 2895 subindiee
1475 2823 1692 2909 Calissieusi,
1722 2823 1868 2898 Nicolao
1892 2823 1938 2896 de

400 2932 544 3015 didono,
568 2929 670 3002 Petro
693 2929 881 3020 Kordnbog
903 2929 948 3004 do
972 2932 1169 3016 Ocrnmeoa,
1193 2929 1398 3002 Prandothe
1420 2929 1465 3002 de
1488 2932 1766 3017 Gncdmicaakq
1791 2931 1937 3006 Nicolao

402 3037 620 3110 deBrodoroo
635 3043 671 3110 et
685 3037 830 3110 Nicolao
843 3035 888 3110 de
901 3041 1088 3128 Piptoocicc
1102 3036 1460 3130 heredibus-aliisque
1473 3038 1636 3131 pluribus
1651 3037 1846 3132 iidedignis
1869 3045 1937 3114 ete.

553 3233 720 3293 noeumane
737 3235 955 3311 mmmm,
973 3233 1175 3310 panem,
1192 3253 1218 3293 w
1235 3203 1390 3293 murm
1408 3234 1540 3310 uper,
1555 3212 1730 3306 muns
1745 3237 1937 3311 massus,

400 3329 545 3439 mr
563 3323 613 3399 syr
630 3326 793 3400 aimonio
809 3323 894 3397 teins
905 3326 1051 3400 niensis,
1069 3341 1108 3400 ro
1119 3324 1209 3396 ktlei
1229 3325 1311 3398 nlko
1323 3324 1446 3420 muel
1458 3343 1475 3384 ⁸
1488 3325 1631 3400 emm
1648 3325 1790 3425 lodosiis
1802 3327 1938 3426 moa

553 3503 1160 3580 ⁸)euemeo,=tesvpos.kroucktm
1231 3507 1235 3516 '

402 3935 472 4007 ila
518 3939 618 4010 1400.
642 3934 701 4010 dle
723 3941 755 4031 2,
780 3939 915 4011 mensis
938 3936 1133 4025 Februarii,
1156 3931 1365 4012 Posuuniee.

554 4133 712 4208 'lhomco
736 4133 953 4208 castellanus
977 4134 1277 4209 Sandomln'ensls
1306 4140 1343 4210 ct
1372 4137 1581 4230 capitaneus
1604 4137 1749 4212 Maioris
1771 4137 1939 4214 Polonlec

332 4279 335 4284 ι
402 4243 710 4316 commutationem
742 4241 944 4316 medietatis
971 4242 1078 4316 villae
1100 4246 1322 4316 Buteonica
1344 4263 1416 4317 uno
1452 4265 1578 4318 maneo
1613 4249 1691 4338 egri
1728 4249 1768 4320 ln
1801 4251 1939 4322 Krodic

401 4349 497 4422 atero
518 4369 542 4422 ι
563 4348 716 4423 snnslao
739 4355 777 4423 et
797 4349 1007 4444 Boguphulc
1031 4350 1076 4424 de
1098 4353 1320 4425 Buiccrcm‘cc
1337 4373 1427 4424 ¹curn
1449 4351 1596 4426 Alberto
1618 4356 1787 4448 episcopo
1810 4355 1940 4430 Poane-

401 4453 510 4546 nlcnsi
530 4458 676 4547 iactam,
699 4463 816 4532 ratam
839 4479 919 4532 esee
941 4459 1050 4532 iubet
1463 4477 1466 4483 ’

554 4655 596 4729 In
632 4658 777 4729 nominc
815 4656 960 4729 Domini
1000 4675 1116 4730 amen.
1162 4655 1222 4729 Ad
1257 4661 1470 4752 perpetuam
1503 4658 1556 4729 rei
1597 4662 1818 4735 memoriam.
1864 4659 1938 4735 Nos

402 4751 562 4870 moneo·
574 4763 790 4838 castellanus
814 4762 1114 4838 Saudomiriensls
1137 4769 1175 4837 et
1197 4769 1406 4867 capitaneus
1429 4765 1573 4838 Maioris
1595 4765 1740 4840 Poloule
1762 4770 1941 4860 generalis

402 4865 655 4958 claudicamus,
687 4873 817 4964 quibus
848 4871 1000 4966 expedit,
1031 4879 1154 4946 tenore
1183 4876 1411 4966 presencium
1433 4875 1623 4960 vuiserna,
1653 4877 1880 4968 presentibus
1904 4885 1941 4952 et

403 4967 536 5066 herrm,
570 4978 665 5072 quod
700 4979 747 5052 ud
780 4985 940 5054 nostrum
975 4979 1196 5054 stallorum
1231 4979 1394 5053 eiusdem
1430 4985 1523 5054 terre
1557 4981 1732 5056 nobilium
1753 4987 1940 5060 venientes

62 5113 72 5128 ·
288 5078 336 5184 ',·'
404 5089 617 5166 presenciam
654 5087 791 5161 nobiles
815 5089 883 5160 riri
921 5089 1117 5162 Sunrlsluus
1156 5100 1193 5162 et
1225 5087 1417 5181 Buguphul
1455 5088 1554 5160 filius
1590 5109 1691 5176 suus,
1729 5090 1879 5166 heredes
1903 5097 1941 5166 in

403 5180 519 5266 lltnon
550 5197 801 5282 Bclrorcm'cco,
835 5217 907 5268 uon
940 5197 1126 5289 compulsi,
1159 5216 1225 5268 nec
1258 5199 1384 5282 coacti,
1416 5216 1484 5270 nec
1517 5217 1582 5289 per
1605 5197 1761 5289 aliquem
1786 5221 1940 5275 errorem

403 5294 543 5388 eduen,
573 5301 639 5375 sed
661 5303 835 5390 beniuole,
863 5307 921 5376 rei
944 5307 1142 5378 amicorum
1174 5323 1321 5376 suorum
1346 5306 1507 5398 eonsilijs
1530 5311 1567 5378 et
1590 5313 1731 5380 maturo
1753 5309 1941 5400 prehabita

402 5393 662 5498 deliberacione,
700 5417 820 5484 mente
843 5416 880 5484 et
903 5431 1049 5505 corpora
1084 5413 1277 5484 existentes
1301 5393 1420 5505 (sani),
1455 5431 1538 5486 euru
1569 5413 1868 5489 reuerendisslmo
1900 5420 1939 5490 in
