4722 6360
326 783 531 876 renuimus.
555 800 624 854 nos
649 777 695 854 od
718 781 882 870 graciam
898 781 1015 874 ipsius
1039 783 1186 854 omnino
1203 781 1472 868 submittentes,
1497 785 1535 854 et
1549 779 1620 854 hoo
1635 783 1759 876 ipsum
1773 761 1909 874 herum*

174 904 175 907 ‘
327 891 422 960 serie
453 889 683 982 profitemus,
719 887 817 980 quod
852 889 954 992 omni
989 891 1139 974 seciani,
1174 891 1397 983 repeticioni.
1431 891 1605 984 potestati
1641 895 1680 962 et
1707 891 1790 980 iuri,
1825 901 1901 978 siue

326 999 451 1090 ipsum
474 994 672 1070 habuimus
696 999 777 1068 siue
800 1015 885 1080 non,
910 993 1255 1070 ebrenunoiauimus
1279 1003 1317 1068 ot
1340 997 1647 1071 abrenuntiamus
1670 1005 1845 1092 perpetus
1866 1019 1901 1088 st

326 1106 365 1176 in
389 1125 519 1175 ouum·
559 1103 628 1178 Pro
653 1125 724 1196 quo
748 1105 897 1176 nomino
920 1101 1084 1175 eiusdem
1108 1103 1247 1176 domini
1267 1107 1366 1194 regis
1381 1103 1561 1178 vladislsi
1585 1104 1632 1178 ad
1648 1125 1782 1180 manus
1803 1108 1900 1190 baro-

326 1230 417 1283 num
457 1212 784 1304 inimseriptorum,
831 1208 1003 1283 videlicet
1039 1211 1268 1284 dominonrm
1307 1211 1533 1286 Themisonis
1576 1211 1623 1284 do
1652 1215 1900 1304 Woopieschi„

328 1317 573 1410 subpinoome
596 1319 849 1392 Craoouiensis
874 1321 912 1390 et
935 1321 1116 1410 capitanei
1138 1318 1285 1392 Maioris
1308 1319 1466 1408 Polemo,
1492 1320 1642 1411 Sbignei
1665 1323 1899 1409 mareschalci

327 1425 493 1498 eiusdem
518 1425 658 1500 domini
679 1429 778 1516 regis
806 1425 964 1511 Polonie
1000 1425 1140 1498 Nioolai
1171 1425 1217 1499 de
1248 1429 1446 1500 Ozomicow
1476 1427 1609 1501 iudicis
1646 1427 1898 1513 Posnaniensts

328 1537 366 1604 et
388 1532 621 1627 Dobrogostq·
650 1533 702 1606 -de
729 1534 960 1606 Schomotuii
994 1553 1126 1606 manus
1161 1535 1332 1608 manibus
1365 1535 1584 1630 stipulantes
1607 1537 1843 1630 promisimus
1865 1552 1899 1620 et

327 1644 456 1712 tenore
478 1643 710 1734 presencium
733 1641 982 1734 promittimus
1006 1661 1071 1732 pro
1107 1641 1212 1714 nobis
1247 1647 1284 1715 et
1314 1646 1450 1716 nostris
1487 1643 1773 1730 suecessoribus,
1808 1653 1899 1740 quod

332 1749 472 1821 nuliam
497 1747 665 1822 deiecto
689 1747 813 1842 oppidi
837 1753 875 1821 et
896 1747 1066 1841 iortaiieij
1096 1751 1213 1822 Waiez
1235 1751 1482 1842 predictorum
1512 1750 1633 1823 eidem
1656 1749 1804 1826 domino
1826 1763 1899 1850 regi

328 1875 515 1948 regnoque
548 1859 666 1952 ipsius
690 1861 728 1928 et
762 1875 894 1930 eorono
927 1875 971 1928 ao
1006 1857 1278 1930 suecessoribus
1306 1860 1423 1950 ipsius
1460 1858 1619 1952 amplius
1641 1858 1814 1934 volumus
1836 1881 1899 1940 uso

299 2028 302 2033 .
327 1962 504 2036 debemus
528 1963 650 2038 iacere
674 1965 913 2069 questionem,
938 1964 1130 2054 solumque
1152 1965 1191 2036 in
1216 1985 1257 2039 eo
1274 1967 1477 2038 contentari
1497 1965 1679 2052 volumus,
1703 1965 1898 2060 quidquam
2050 1961 2052 1968 X

327 2071 433 2143 nobis
457 2070 503 2142 de
527 2075 586 2144 sui
613 2075 739 2164 gracia
773 2071 903 2144 iooen't
937 2077 1003 2144 eut
1031 2071 1154 2144 iacere
1175 2073 1342 2158 voluerit,
1380 2077 1418 2145 et
1448 2093 1515 2166 pro
1538 2093 1583 2145 eo
1606 2092 1673 2146 suo
1696 2074 1918 2154 eelsitudiru

326 2182 524 2270 regraoiari
555 2182 691 2272 iugiter
713 2185 751 2253 et
773 2181 922 2252 sendra.
970 2177 1083 2252 Ouius
1114 2181 1232 2254 eoiam
1253 2181 1476 2274 proteoeioni
1510 2200 1578 2253 nos
1610 2179 1799 2254 humiliter
1820 2185 1898 2258 sub·

330 2289 500 2360 misimus
533 2291 572 2360 et
605 2293 730 2361 tenore
767 2289 1001 2380 presencium
1035 2285 1286 2360 submittimus
1319 2307 1405 2360 oum
1438 2287 1556 2374 bonis,
1594 2307 1666 2380 que
1693 2289 1763 2362 sub
1786 2293 1897 2384 ipsius

328 2394 508 2467 habemus
532 2397 735 2468 maiestate.
782 2395 824 2467 In
848 2413 1003 2486 quorum
1028 2395 1191 2467 omnium
1222 2395 1473 2468 testimonium
1504 2399 1542 2468 et
1572 2395 1801 2470 euidentiam
1829 2399 1898 2492 pie

327 2505 477 2588 retorem,
516 2503 585 2576 has
617 2501 742 2574 literas
765 2506 973 2576 nostrorum
997 2502 1199 2592 sigiliomm
1223 2501 1350 2574 robore
1390 2501 1621 2575 dooreuimus
1659 2503 1897 2580 roborandum

328 2611 502 2702 ipsusque
525 2606 757 2704 presentibus
780 2609 1004 2682 roboramus.
1028 2609 1187 2682 dotum
1211 2613 1248 2681 et
1271 2607 1399 2681 datum
1422 2607 1602 2683 Posnanie
1625 2612 1718 2684 ieria
1741 2611 1898 2686 seeundo

327 2717 425 2790 inira
436 2723 588 2791 octenas
604 2717 771 2812 Corporis
781 2716 1031 2802 christisona
1047 2716 1203 2790 Domini·
1210 2716 1403 2790 millesimo
1413 2711 1773 2809 quadringentesimo
1789 2724 1896 2794 sexto.

492 2931 574 2991 reka
601 2931 820 2992 Nsrnmewieas
847 2933 885 2991 lo
902 2931 942 2992 N.
961 2931 1008 3002 97,
1025 2949 1042 2990 s
1060 2931 1212 3006 oqginsin
1231 2931 1472 3008 preeobomsgo
1496 2931 1605 3008 aiegdy
1622 2949 1649 2990 ιι
1666 2931 1832 2992 metim
1849 2932 1896 2994 ho·

326 3038 457 3092 munem,
475 3039 496 3080 ιι
514 3021 635 3094 ktdrego
653 3021 764 3096 misiniy
782 3039 821 3080 na
838 3021 968 3098 pusheh
985 3021 1237 3098 porgsminorryeh
1254 3027 1317 3096 ιη]
1334 3023 1483 3124 pimpeis.

428 3187 430 3192 ’
474 3191 1367 3296 ’.ιιινιιαωιωιοροπιιωιηιωιωιιωιοιιιοιι
1431 3175 1437 3185 ’

327 3713 384 3780 97.
433 3711 535 3782 1406.
559 3707 620 3782 die
643 3711 699 3780 24.
716 3666 862 3780 'mensis
884 3707 989 3802 iunii,
1014 3709 1053 3780 in
1075 3709 1264 3818 Keteios·

498 3873 692 3978 Wiedislai
726 3904 766 3977 Π.
804 3907 903 3996 regis
944 3903 1114 3977 Poloniae
1155 3903 1353 3990 deoretum,
1390 3905 1486 3976 inter
1521 3903 1694 3976 Ioannem
1732 3901 1896 3976 abbatem

335 4015 549 4086 monasterii
572 4011 836 4085 Paradisiensis
861 4017 897 4084 et
920 4015 1152 4106 capitaneum
1175 4010 1222 4084 de
1235 4014 1472 4102 Miedaprzeos
1487 4011 1534 4084 de
1549 4009 1684 4084 oiiioiis
1699 4011 1896 4084 incolarum

327 4123 541 4194 monosterii
565 4120 730 4194 eiusdem
753 4121 856 4194 litem
879 4120 1065 4194 dirimens.

494 4336 534 4407 R.
582 4335 668 4408 iiroi
703 4334 941 4428 posuisdezs,
976 4337 1010 4408 n
1045 4335 1156 4427 kiedp
1186 4334 1250 4427 hpi
1277 4353 1386 4428 poraz
1419 4337 1598 4426 pierwsry
1631 4353 1668 4405 w
1701 4333 1895 4406 lrlasatnrae

330 4443 572 4540 paradyskim
596 4446 609 4517 i
633 4449 720 4536 opat
741 4443 813 4516 ian
837 4443 982 4534 skamyi
1012 4447 1066 4531 sie
1088 4463 1138 4515 na
1165 4447 1320 4532 starostq
1344 4441 1676 4534 miedayraeokiego
1700 4461 1721 4515 o
1744 4440 1894 4536 praecia·
1922 4433 1924 4438 ’

325 4553 432 4625 denis
461 4553 530 4623 usi
561 4549 819 4642 kiasztomyoh
854 4553 1013 4624 rdtnemi
1046 4551 1355 4643 pominnosciami,
1392 4549 1515 4642 wtedp
1545 4549 1625 4621 irrdl
1658 4547 1827 4644 poruczyi
1861 4549 1895 4630 to

330 4679 476 4752 spraue
509 4658 554 4731 do
594 4657 776 4740 rhadania
808 4657 1068 4749 WoJeiaehowi
1108 4657 1313 4750 biskupowi
1345 4657 1642 4750 poenarisiriemu
1678 4651 1894 4747 biiiroiqiorri

325 4767 593 4860 proboszcaorm'
616 4785 642 4837 u
666 4769 731 4836 su.
755 4765 934 4855 Floryana
956 4785 991 4836 ιι
1015 4764 1216 4850 draken-ie,
1247 4763 1576 4858 podiranelememu
1605 4768 1619 4837 i
1650 4757 1893 4854 Sedaiwojom'

328 4896 349 4947 z
382 4874 587 4966 Ostroroga,
619 4871 832 4965 poddwoaas
863 4876 1038 4945 starosere
1072 4871 1431 4964 miedzyrneciriemu,
1462 4871 1588 4963 ktdrnp
1612 4871 1750 4964 wydali
1780 4867 1893 4953 nasis

326 4985 464 5075 pujsey
493 4981 629 5072 wyrok.
677 4980 747 5051 We
770 4980 909 5053 usiaeh
939 4979 1194 5071 klasatornyoh
1224 5001 1285 5052 me
1309 5001 1351 5053 co
1366 4971 1504 5052 ‘imeeh
1535 4979 1670 5052 irmieci
1694 5001 1712 5052 n
1735 4975 1893 5063 kaidego

325 5093 416 5162 ianu
450 5089 635 5178 osiadiego
665 5108 787 5160 ranem
819 5091 925 5161 zorad
953 5088 1065 5180 joden
1101 5091 1206 5178 mdrg
1239 5087 1312 5180 pod
1346 5091 1510 5178 oziminq,
1539 5087 1652 5180 joden
1688 5091 1792 5178 mdrg
1824 5077 1892 5177 pod

320 5201 477 5291 jsrzynq
501 5199 513 5268 i
537 5195 583 5268 do
608 5199 723 5268 sieau
746 5195 1012 5287 przysposobid‚
1045 5217 1067 5267 a
1098 5215 1140 5268 oo
1172 5195 1301 5268 dwdeh
1324 5217 1343 5266 z
1367 5194 1528 5286 katdego
1564 5195 1652 5267 ianu
1685 5197 1759 5268 sieo
1793 5195 1892 5264 siano

325 5327 346 5377 a
378 5303 539 5397 jednego
575 5323 703 5392 morga
735 5305 748 5376 i
783 5301 934 5376 siriadot
969 5323 1004 5374 w
1038 5303 1146 5396 kopp.
1195 5303 1331 5396 Oprooz
1366 5307 1450 5394 tego
1480 5324 1540 5396 nra
1564 5303 1682 5396 kaidp
1705 5301 1826 5374 irmiet
1848 5312 1892 5366 na
1945 5303 1948 5312 ⁴

326 5413 525 5484 u'eawanie
550 5413 735 5483 coroeznie
759 5413 891 5482 awozid
914 5410 960 5483 do
984 5411 1118 5483 zamku
1135 5410 1217 5482 dua
1235 5431 1338 5504 worp
1352 5399 1503 5484 draeua.
1550 5409 1606 5482 Ns
1629 5409 1750 5483 iroriou
1766 5403 1892 5492 dodaio

324 5521 420 5607 krol,
444 5521 485 5592 he
508 5520 669 5614 powpdsi
693 5519 851 5592 kmieeie
874 5521 934 5592 nie
958 5520 1057 5610 maja
1081 5520 1139 5611 pol
1164 5519 1251 5611 tyeh
1275 5519 1433 5627 wioezpt
1462 5521 1656 5607 (orpicore)
1681 5519 1694 5589 i
1718 5507 1891 5590 obsiewad

2019 4839 2031 4951 ᾇ

2020 4979 2030 5061 i

2117 3581 2283 3654 Niooiaus
2354 3612 2358 3637 1

2117 3687 2281 3780 howsirp
2305 3683 2352 3758 da

2017 3884 2018 3887 Ἴ
2117 3793 2220 3868 iudex
2242 3795 2350 3867 Pozn

2118 3925 2215 3989 oowo,
2249 3921 2357 3974 neon

2119 4009 2258 4083 dileotei
2305 4007 2360 4081 No

2120 4117 2206 4196 ieria
2242 4122 2347 4190 sexta

2120 4223 2289 4311 Costensi,
2313 4227 2353 4296 in

2121 4337 2154 4401 et
2176 4335 2291 4404 eoiam
2314 4351 2360 4402 vo

2122 4437 2249 4511 iibmm
2278 4445 2361 4512 terr

2124 4542 2236 4620 Pasira
2260 4547 2355 4636 Gog·

2125 4654 2217 4742 quod
2247 4655 2360 4746 Zpiri·

2125 4779 2208 4834 num
2233 4767 2360 4836 nostru

2127 4885 2204 4941 nem
2228 4871 2325 4956 iecit,

2127 4979 2312 5070 virumque
2343 4988 2361 5039 θ

2021 5076 2030 5110 ⁵
2128 5081 2259 5157 iustum
2280 5086 2353 5157 ieci

2022 5359 2034 5410 i

2021 5415 2032 5533 i

2130 5206 2205 5263 mus
2230 5197 2327 5266 eirea
2359 5224 2361 5249 ι

2130 5303 2309 5380 graciosus
2333 5319 2352 5371 s

2132 5403 2287 5488 tudinem
2312 5411 2350 5479 et

2023 5572 2035 5660 ὲ
2133 5505 2211 5584 dere
2235 5536 2361 5588 consu
