4706 6356
211 471 259 542 ³⁰

214 646 417 738 praedignis.
463 637 598 710 Datum
633 654 697 728 per
731 653 860 710 manus
893 635 1055 710 eiusdem
1077 634 1214 709 domini
1236 635 1373 712 Nieolal
1408 637 1453 710 de
1477 639 1606 712 cereo
1627 645 1753 725 saneto

213 750 433 842 unezeoesls
455 743 607 818 ecclesio
630 741 899 840 archiepiscopi,
922 747 1027 820 nobis
1048 740 1187 820 sinemo
1210 743 1370 820 dilecti
1717 793 1721 800 .

370 943 1516 1062 amsntqonpmnpumtetatmomneuqs,adaau.a„
1647 899 1664 996 '-

372 1153 561 1232 dquwiei
579 1153 953 1234 nnetkaliakiem,poe.
971 1154 1145 1226 koniriekinu
1163 1173 1223 1232 per.
1241 1156 1342 1230 ω*
1455 1186 1458 1193 ·
1506 1107 1510 1116 Ι
1580 1141 1595 1160 ”
1641 1121 1646 1128 ¹

370 1249 394 1322 ¹)
414 1247 561 1316 susem,
579 1245 647 1304 nisi
664 1264 690 1305 w
707 1263 778 1324 porr.
796 1247 1030 1322 gnieduietiskim,
1048 1263 1107 1322 par.
1130 1245 1272 1304 Ostmtede
1285 1247 1510 1322 metumedia
1579 1291 1588 1302 .

411 1335 587 1416 anyno
603 1337 680 1396 mk
696 1337 707 1398 i
725 1337 892 1398 umen
909 1337 970 1398 dcii
989 1355 1016 1395 v
1034 1353 1105 1416 pov.
1124 1335 1287 1414 pyadrakin
1305 1337 1352 1398 uie
1370 1337 1521 1413 lauricio..
1564 1359 1597 1424 τις

207 1746 266 1816 3οέ
313 1735 1145 1830 1403.die11,m0n,12p,1m11‚0mma
1553 1710 1616 1828 ,ιι-

221 1959 227 1976 ·
363 1903 596 2026 ¹wladislaus
618 1951 658 2026 11.
688 1972 751 2024 rex
773 1951 939 2024 Poloniae
960 1949 1063 2023 littus
1093 1947 1236 2042 paludis
1258 1947 1345 2023 dicti
1367 1953 1488 2042 Pnuy
1516 1951 1663 2025 Alberto
1685 1930 1757 2045 epl-

208 2083 321 2158 scopo
343 2061 578 2136 Pesnauiensi
600 2059 751 2134 conteris

268 2255 294 2272 '¹
372 2276 413 2349 ln
447 2277 613 2364 nomine¹
634 2275 779 2350 Domini
820 2293 937 2348 amon.
983 2271 1204 2346 wladislaus
1239 2271 1307 2347 Del
1341 2239 1463 2364 gracia
1500 2293 1563 2348 rex
1600 2271 1755 2362 Polonie,

209 2406 352 2464 necnon
374 2389 549 2458 terrarum
573 2383 755 2469 Graeouie,
779 2381 1012 2467 Studemlrie,
1037 2379 1196 2474 Symdie,
1220 2381 1395 2467 baucide,
1420 2379 1589 2474 Grrpauie,
1612 2379 1756 2454 chua·

208 2497 342 2585 nisque
369 2495 537 2586 princeps
559 2510 761 2584 supremus,
791 2490 1069 2580 Pemeranleque
1093 2493 1130 2562 et
1160 2489 1289 2562 Russle
1312 2488 1479 2562 dominus
1502 2493 1539 2561 et
1560 2487 1665 2562 heres
1688 2491 1756 2562 ete.

208 2601 469 2696 significamus·
495 2605 617 2672 tenue
646 2599 873 2691 presencium
904 2598 1093 2682 uniuersis,
1117 2595 1249 2688 quibus
1279 2595 1431 2690 expedit,
1463 2596 1690 2690 presentibus
1721 2599 1766 2693 et¹

209 2709 355 2793 futuris,
394 2707 622 2801 presencium
653 2705 829 2778 habituris
863 2705 1044 2790 noticiam,
1080 2701 1126 2776 ad
1157 2704 1210 2776 rei
1241 2706 1450 2778 memoriam
1490 2705 1756 2797 sempitamam,

209 2815 309 2908 quod
338 2819 459 2887 mente
488 2814 629 2886 solicite
649 2810 921 2906 perpendentes,
954 2809 1050 2902 quod
1078 2813 1117 2884 tu
1151 2811 1337 2884 cumulum
1364 2813 1535 2905 promitat
1557 2812 1757 2884 mdestatis
1805 2805 1809 2816 ’

208 2925 311 3014 regie
333 2927 369 2993 et
391 2921 536 2993 honoris
559 2919 607 2992 ad
628 2939 673 2992 ea
694 2919 877 2992 dexteram
900 2921 1037 3011 aperire
1052 2919 1275 3005 munificam,
1297 2937 1368 3010 quo
1385 2923 1426 2992 'et
1439 2919 1615 2992 bonorum
1637 2919 1758 2992 uotiua

212 3027 502 3120 ampliandorum
524 3031 760 3118 augmentum
781 3027 979 3120 respiciunt
1001 3031 1038 3099 et
1059 3045 1295 3120 personarum
1314 3027 1650 3112 ecclesiasticarum,
1672 3044 1759 3120 pon·

213 3135 342 3208 tilicaii
363 3137 553 3229 presertim
583 3133 767 3226 dignitate,
794 3133 974 3228 protunda
996 3153 1136 3226 quoque
1159 3140 1196 3206 et
1217 3136 1270 3206 rei
1292 3133 1434 3228 publice
1453 3124 1657 3228 'opportuna
1679 3153 1760 3206 cou-
1848 3211 1854 3225 ,
1977 3211 1980 3218 ,

214 3245 379 3316 siliorum
400 3243 554 3315 utilitate
587 3243 828 3315 eminencium
851 3241 1097 3315 condicionem
1124 3241 1292 3315 abortant
1325 3248 1363 3314 et
1394 3241 1535 3315 iaciunt
1568 3241 1759 3335 pociorem.

212 3349 303 3423 Inde
325 3355 389 3436 est,
413 3349 509 3440 quod
531 3368 597 3422 nos
621 3348 760 3422 deuotis
782 3348 980 3443 precordiis
1003 3369 1137 3440 magna
1158 3369 1222 3443 pre
1245 3353 1368 3442 peruls
1392 3355 1428 3422 et
1454 3368 1520 3444 pro
1542 3349 1759 3440 transitoriis

215 3463 341 3530 eterna
363 3456 408 3530 ab
431 3476 484 3542 eo,
508 3459 570 3547 qui
591 3456 766 3530 bonerum
788 3461 991 3530 nestrorum
1015 3477 1087 3530 non
1109 3457 1257 3548 indiget,
1288 3459 1384 3530 etin
1407 3477 1447 3529 se
1470 3460 1656 3551 sperantes
1679 3475 1760 3528 con·

213 3569 348 3648 seruat,
372 3563 515 3636 domino
537 3565 687 3656 premia·
698 3569 903 3658 expetentes
927 3571 964 3637 et
986 3585 1069 3638 eum
1092 3564 1301 3638 hereditatis
1317 3571 1438 3638 nostre
1460 3570 1600 3658 partem
1617 3562 1760 3650 babere,

215 3671 464 3762 voluntatique
487 3675 703 3756 sanctorum,
727 3673 790 3762 qui
811 3674 849 3744 in
873 3677 968 3745 terra
991 3675 1068 3744 eius
1091 3679 1178 3746 sunt
1200 3678 1237 3745 et
1260 3673 1306 3745 ad
1329 3670 1514 3746 dexteram
1536 3673 1684 3764 mnam,
1715 3691 1761 3744 ne

216 3783 522 3863 commoueantur,
557 3779 749 3864 assistunt
783 3783 979 3872 cupientes,
1014 3783 1168 3874 rippam*
1190 3785 1350 3854 nostram
1384 3800 1449 3852 seu
1482 3780 1584 3853 littus
1619 3778 1761 3871 paludis

216 3887 298 3956 siue
321 3887 476 3974 stangnt,
499 3886 680 3975 wlgariter
707 3885 793 3960 dicti
814 3891 962 3976 Prussp,
993 3889 1088 3960 intra
1110 3893 1231 3961 nostre
1261 3889 1392 3978 regulis
1415 3887 1511 3960 dicte
1533 3890 1702 3972 Duceret,
1725 3890 1763 3958 et

215 3991 420 4063 venerande
451 3993 637 4064 beaterum
670 3993 766 4066 Petri
793 3999 829 4066 et
851 3994 953 4068 Pauli
988 3997 1240 4089 apostolorum,
1273 3997 1479 4089 principum
1509 3994 1762 4067 Poenanionsis
1783 3979 1799 4082 ⁴,

173 4171 179 4181 ,
215 4099 377 4184 ecclesie,
401 4103 527 4172 veeste
549 4103 676 4172 Dotem
690 4105 716 4188 ¹)
740 4101 990 4188 hereditatum,
1021 4105 1058 4174 in
1081 4103 1206 4175 Maiori
1228 4102 1383 4188 Pelonia,
1414 4105 1453 4175 in
1477 4101 1643 4174 districtu
1666 4101 1762 4174 Sne·

219 4207 336 4276 mensi
360 4209 647 4294 consistencium,
676 4211 845 4282 terminos
869 4212 1019 4284 iacentis
1053 4215 1089 4282 et
1111 4211 1223 4302 gades
1246 4231 1312 4283 seu
1333 4211 1467 4283 limites
1499 4213 1659 4303 ipsorum
1682 4228 1763 4280 con·

217 4311 407 4398 eludentis,
430 4333 586 4386 unacum
601 4319 703 4407 purte
719 4317 879 4389 eiusdem
895 4321 1015 4409 stagni
1038 4339 1104 4390 nos
1120 4325 1366 4403 concernente,
1391 4318 1437 4390 ad
1459 4319 1655 4389 instantem
1676 4317 1763 4409 peti·

217 4421 359 4490 cionem
389 4421 574 4493 reuerendi
605 4428 642 4494 et
670 4423 773 4495 nobis
796 4428 956 4517 precipui
984 4429 1021 4498 iu
1045 4425 1185 4499 Christo
1214 4428 1339 4519 patrie,
1374 4425 1510 4497 domini
1531 4424 1669 4496 Alberti
1692 4425 1763 4516 epi·

217 4528 320 4616 scopi
347 4525 609 4614 Poznanicnsis,
633 4529 727 4602 dicte
749 4531 898 4604 ecclesie
922 4553 965 4606 ue
989 4537 1057 4628 ipsi
1081 4535 1225 4606 domino
1245 4535 1390 4606 Alberto
1414 4537 1450 4604 et
1482 4535 1558 4604 suis
1581 4550 1764 4604 successo·

218 4631 321 4702 ribus
338 4635 522 4727 episcopis,
546 4636 857 4724 Poznaniensibus,
881 4661 945 4734 pro
960 4645 1100 4734 piscina
1115 4661 1182 4714 seu
1197 4644 1344 4734 piscinis
1360 4661 1424 4733 per
1439 4659 1500 4712 eos
1516 4639 1562 4711 ad
1573 4637 1763 4712 comodum

217 4743 258 4808 et
280 4739 469 4814 utilitatem
502 4745 662 4834 ipsorum
694 4751 731 4817 et
760 4748 909 4820 ecclesie
944 4749 1105 4822 eiusdem
1133 4750 1319 4834 iaciendis,
1355 4751 1393 4820 in
1423 4747 1658 4838 longitudine,
1692 4766 1765 4838 qua

119 4875 123 4882 ·
217 4844 371 4934 longiori
405 4853 442 4919 ct
474 4850 672 4938 latitudine,
708 4874 780 4943 qua
814 4855 978 4947 ampliori
1009 4877 1102 4947 equa
1131 4859 1169 4928 in
1198 4857 1330 4950 palude
1361 4877 1426 4928 seu
1456 4861 1616 4944 stangno
1640 4852 1764 4926 eodem

217 4957 360 5024 rctouta
382 4959 419 5027 et
440 4961 673 5048 restengnota
700 4961 848 5034 dilatata
871 4963 967 5034 liunt
989 4970 1026 5036 et
1050 4964 1196 5050 diflusa,
1221 4984 1304 5037 oum
1327 4966 1425 5036 omni
1448 4965 1525 5035 iure
1549 4966 1585 5032 ot
1608 4961 1764 5033 dominio

217 5067 259 5128 ot
281 5061 448 5150 prout'ed
471 5085 535 5136 nos
559 5065 733 5140 hactenus
757 5069 1009 5144 dinoscebatur
1023 5075 1211 5164 pertinere,
1235 5071 1410 5156 dedimus,
1435 5071 1660 5154 deuauimus,
1684 5089 1765 5140 con·

220 5167 371 5238 tulimus
396 5173 432 5240 et
455 5177 773 5266 appropriouimus,
804 5199 846 5248 eo
869 5173 1094 5270 presencium
1119 5181 1249 5252 rubere
1268 5179 1406 5262 damus,
1431 5179 1617 5262 donamus,
1651 5175 1767 5248 conie-

219 5277 335 5345 n'mus
360 5283 396 5345 et
419 5284 699 5372 appropriumus,
729 5305 793 5375 per
816 5289 933 5377 ipsum
957 5287 1235 5360 Poznanieusem
1260 5289 1448 5359 ecclesiam
1472 5287 1608 5357 eteius
1633 5287 1765 5378 episco-

218 5401 285 5472 pos
310 5383 515 5466 tenendum,
538 5388 742 5463 habendum
768 5397 804 5464 et
826 5397 1009 5488 perpetuis
1033 5395 1252 5490 temporibus
1277 5395 1427 5490 pacifice
1443 5391 1699 5487 possidendum
1722 5411 1765 5464 ac

2351 390 2353 471 t

1961 606 2044 664 eum
2067 585 2258 682 piscaturis
2281 570 2353 660 et¹

1961 697 2121 770 tendum.
2167 697 2302 768 llarum
2352 704 2353 719 ¹

1963 807 2082 878 monio
2104 804 2299 876 literarum.
2351 806 2353 837 ³

1962 917 2106 984 treunam
2130 919 2196 983 etc
2226 910 2353 984 annot

1963 1021 2119 1092 strenuis
2155 1017 2353 1092 militibus

1964 1127 2122 1221 palatino
2145 1126 2327 1200 cremum

1964 1237 2101 1308 mirice.
2126 1233 2353 1320 catellano,

1963 1363 2029 1432 roo
2051 1341 2284 1415 Poananiensi
2305 1361 2351 1412 ra

1965 1448 2100 1524 Datum
2122 1469 2187 1542 per
2209 1468 2338 1522 manus

1966 1559 2123 1651 episcopi
2147 1556 2347 1630 euenere

2093 1669 2096 1678 '
2127 1651 2186 1752 Ab
2207 1664 2352 1737 relacio

2095 1772 2341 1865 'Albrlcusp

2128 1984 2267 2060 omnent
2294 2014 2323 2031 ··
2342 2014 2353 2050 2x

1967 2081 2121 2152 my
2147 2075 2203 2148 iul
2227 2075 2300 2146 md

1966 2167 2138 2236 enbmwne,
2155 2165 2312 2238 unieeaoua
2337 2194 2349 2211 „

2044 2341 2047 2346 Α
2112 2315 2352 2480 .,)Μή

1973 2761 2028 2832 iil.
2077 2760 2175 2850 1403.
2199 2755 2257 2830 die
2280 2760 2312 2858 8,
2346 2790 2353 2820 .

2137 2970 2306 3046 Nicolaus
2336 3002 2344 3033 ·

1975 3080 2100 3156 villam
2122 3081 2265 3167 oenoe,
2289 3077 2336 3153 ad

2136 3295 2177 3368 In
2209 3295 2353 3368 nomin

1976 3399 2068 3490 nrm,
2103 3405 2174 3476 nisi
2204 3402 2312 3476 testib
2343 3433 2352 3443 ·

1977 3515 2088 3604 igitur
2108 3513 2275 3584 nouerint

1977 3619 2083 3694 heres
2107 3619 2152 3692 de
2175 3620 2346 3692 &broborc

1979 3727 2042 3800 lici
2065 3727 2237 3820 principis
2261 3725 2353 3798 lilla

1980 3833 2132 3928 predicti
2155 3833 2336 3927 ampliare,

1981 3945 2074 4014 inter
2108 3943 2218 4016 doleo
2241 3947 2277 4014 et
2299 3941 2351 4014 ilu

1982 4050 2058 4123 ulio
2090 4049 2225 4141 domini
2257 4049 2353 4142 Step

1982 4157 2193 4230 sculteciam
2216 4177 2300 4230 eum
2322 4178 2343 4229 o

1982 4265 2195 4338 hereditarie
2223 4265 2353 4338 baben

1984 4372 2044 4445 Ad
2063 4373 2265 4446 libertatem
2288 4393 2350 4465 pre

1985 4481 2138 4572 singulis
2171 4480 2348 4554 kmetoni·

1986 4589 2213 4662 mouentibus
2237 4610 2260 4662 a
2282 4588 2328 4660 da
2351 4620 2353 4649 ε

1987 4695 2100 4770 lili-ti
2124 4717 2236 4770 annos
2258 4710 2353 4770 omn

1988 4805 2154 4877 omnibus
2175 4804 2346 4877 solucioui

1990 4912 2164 4997 dicantur,
2187 4913 2316 4984 liberos
2349 4930 2353 4976 ι

1991 5021 2028 5092 in
2058 5019 2218 5112 predicta
2246 5018 2331 5091 liber

1993 5130 2186 5220 extirpatis,
2216 5146 2279 5219 pro
2308 5147 2346 5198 n·

1993 5237 2073 5306 lieri
2096 5238 2258 5328 poterint,
2289 5234 2334 5306 ud

1995 5341 2123 5433 piendo
2154 5362 2175 5414 a
2205 5343 2318 5415 Cotus
