4722 6360
326 653 372 725 04

325 850 476 940 auoque
502 849 683 924 caineto
718 847 1007 922 adiudicauimus
1038 847 1098 920 Ius
1129 867 1349 946 supremum,
1380 847 1563 940 wlgariter
1591 852 1712 924 aeaeae
1736 869 1873 940 proteo,

328 957 480 1050 ipseque
503 955 689 1048 Zponidus
713 977 735 1030 a
757 957 1093 1063 datapresencium
1125 959 1284 1030 statuero
1307 955 1415 1030 debet
1442 956 1539 1030 inira
1569 978 1631 1030 sex
1653 959 1895 1052 septimanas,

327 1083 413 1136 suos
434 1063 650 1150 venditores,
675 1063 783 1158 apud,
796 1085 887 1156 quos
911 1064 1025 1136 dictos
1045 1063 1263 1136 hereditates
1281 1067 1378 1150 emit,
1403 1083 1490 1156 erga
1504 1063 1689 1139 dominum
1712 1069 1875 1144 nocuum

329 1172 536 1264 graciosum
574 1192 696 1246 eorem
738 1171 871 1246 iudicio
896 1171 957 1244 ad
998 1172 1186 1246 obicienda
1222 1171 1448 1266 respondere.
1493 1172 1608 1264 Igitur
1643 1175 1801 1268 petimus
1833 1196 1876 1250 ex

328 1279 473 1365 ellectu
504 1284 682 1371 quatenus
706 1301 815 1375 super
837 1278 1045 1352 huiusmodi
1078 1301 1186 1352 cause
1217 1278 1389 1353 ellectum
1419 1281 1562 1354 literam
1592 1285 1712 1354 vestre
1741 1280 1876 1357 adludi-

327 1389 485 1460 caclonis
509 1384 595 1460 dare
616 1389 748 1474 velitis,
771 1394 892 1460 vestro
916 1388 1034 1478 sigillo
1057 1387 1275 1461 roborantes.
1322 1387 1459 1488 Datum
1482 1392 1656 1462 etactum
1680 1387 1877 1480 unnedica,

276 1567 280 1586 ἰ
326 1493 413 1567 Ιοοο
427 1499 464 1566 et
486 1494 641 1568 testibus
664 1497 869 1593 premissis,
887 1495 1017 1588 quibus
1041 1515 1161 1589 supro,
1186 1497 1349 1568 citatorio
1371 1496 1490 1588 sigillo
1513 1494 1792 1590 subimpresso.“

277 1669 280 1676 ,
302 1597 315 1604 ”
490 1601 565 1676 Nos
588 1623 674 1678 vero
697 1605 898 1696 predictam
919 1605 1062 1676 literam
1086 1601 1317 1676 exaudientes
1341 1608 1379 1676 et
1401 1603 1519 1676 solum
1541 1603 1661 1676 Deum
1676 1624 1741 1698 pre
1763 1605 1876 1680 oculis

328 1709 514 1796 habentes,
552 1731 596 1783 ex
630 1715 836 1784 testimonio
868 1711 1093 1784 dominorum
1122 1713 1160 1784 in
1195 1713 1275 1804 ipsa
1299 1713 1562 1805 consriptorum
1584 1715 1622 1784 ct
1643 1714 1759 1785 eciam
1781 1714 1877 1787 circa

328 1829 396 1890 rios
420 1837 655 1904 assessorum,
680 1840 723 1892 ex
746 1819 1005 1892 informacione
1028 1822 1065 1890 ct
1088 1818 1257 1892 mandato
1272 1819 1433 1912 ipsorum
1449 1817 1597 1913 speciali
1612 1817 1707 1892 dIcto
1731 1817 1875 1896 domine

314 1927 407 2014 vregi
443 1943 553 2018 super
593 1925 801 2000 huiusmodi
839 1928 896 1998 ius
939 1945 1149 2020 supremum
1195 1927 1338 1998 literam
1381 1925 1678 2000 adiudicatoriem
1724 1927 1879 2002 seribere
1967 1979 1970 1986 -

331 2033 496 2118 fecimus,
543 2036 582 2106 in
619 2037 701 2128 ipsa
738 2034 808 2107 sibi
854 2033 1141 2107 adiudicauimus
1178 2037 1216 2106 et
1255 2031 1482 2127 presentibus
1527 2032 1785 2108 adiudicamus.
1834 2035 1876 2110 In

329 2143 434 2212 cuius
455 2143 509 2212 rei
531 2143 780 2214 testimonium
803 2141 963 2234 sigillum
985 2146 1149 2214 nostrum
1172 2141 1399 2234 presentibus
1414 2146 1470 2214 est
1488 2161 1696 2235 appensum
1742 2143 1876 2216 neom
1914 2141 1918 2150 '

305 2251 367 2319 'et
390 2247 516 2320 datrru
540 2269 644 2334 enno,
676 2249 744 2334 die,
774 2249 852 2323 loco
877 2254 913 2322 et
936 2248 1100 2335 testibus,
1131 2249 1261 2342 quibus
1292 2270 1412 2342 supra.
1458 2249 1636 2322 Iohannes
1663 2249 1803 2324 Nicolai
1832 2249 1878 2324 de

330 2357 521 2429 Gradaoeo
544 2356 654 2430 huius
677 2357 804 2430 scriba

493 2551 660 2610 Dokurnmt
677 2553 897 2628 purgaminorry,
924 2509 1128 2626 praechcwany
1156 2569 1181 2610 w
1208 2551 1362 2611 archivum
1380 2551 1512 2628 hpituly
1538 2553 1772 2630 metropolitalnei
1797 2556 1876 2629 gnie·

203 2659 213 2670 ·
279 2703 283 2710 ,
330 2640 1339 2808 zwaeoffiffib⁰P²l1w¹²5blllffm⁰ffi⁰lednipifflltib
1364 2661 1402 2719 po
1415 2641 1506 2714 ktorei
1526 2643 1607 2718 tylko
1633 2643 1718 2719 pesek
1737 2645 1875 2720 purgami-

495 2933 518 3004 ι)
535 2929 661 3005 napata
679 2929 746 2990 niet
765 2947 790 2988 w
807 2947 878 3008 porr.
897 2927 1091 2990 weehcwffim
1109 2931 1254 3008 pelotem

332 3371 388 3440 99.
436 3367 535 3438 1406.
560 3363 618 3436 die
642 3369 673 3436 l.
698 3363 834 3436 mensis
857 3361 1169 3448 lulii,’Loncictno.

496 3561 717 3634 Wladislaus
740 3557 781 3632 11.
804 3580 868 3632 rex
897 3560 1064 3634 Poloniuo
1097 3563 1313 3634 monasterio
1343 3559 1523 3634 Landonsl
1545 3559 1669 3632 villam
1698 3563 1878 3650 Kowaorp

333 3676 371 3744 et
393 3671 524 3743 silvam
548 3671 684 3757 Waeool
707 3667 855 3740 confert.

493 3867 535 3939 In
559 3867 703 3937 nomine
726 3865 873 3938 Domini
896 3887 1013 3940 amen.
1058 3819 1117 3938 Ad
1133 3869 1344 3960 perpetuam
1359 3868 1413 3938 rei
1428 3868 1648 3939 memoriam.
1672 3865 1764 3938 cum
1785 3866 1879 3938 inter
1979 3829 1982 3834 Ι

333 3979 491 4050 humane
513 3979 642 4047 nature
666 3972 855 4044 commoda
877 3973 967 4045 nihil
990 3973 1134 4065 dignius
1163 3977 1335 4048 memoria
1357 3973 1541 4061 habeatur,
1572 3979 1787 4066 oportunum
1810 3975 1878 4046 exi·

333 4089 406 4170 stit,
437 4089 479 4155 vt
501 4087 603 4154 actus
634 4079 785 4152 humani
807 4082 993 4154 literarum
1026 4083 1187 4175 apicibus
1221 4103 1264 4154 ac
1293 4085 1442 4155 testium
1472 4084 1706 4154 cunctacione
1729 4080 1877 4174 perhen-

335 4197 474 4276 nentur,
507 4210 554 4262 ne
585 4190 691 4280 lapsu
724 4191 895 4283 temporis
931 4194 1159 4263 euanescant.
1207 4189 1358 4262 Proinde
1381 4209 1447 4262 nos
1467 4189 1685 4261 wladislaus
1709 4189 1778 4261 Dei
1799 4207 1877 4280 gra·

338 4305 394 4374 cia
415 4321 477 4372 rex
500 4297 655 4381 Polonie,
684 4315 824 4369 necnon
847 4301 1024 4370 terrarum
1048 4298 1229 4383 Cracouie,
1261 4296 1494 4384 Saudomirie,
1525 4297 1672 4382 Siradie,
1703 4296 1879 4380 Lancicio,

337 4409 495 4492 Ceriauie,
526 4405 787 4494 Lithuanieque
809 4408 978 4499 princeps
1002 4427 1203 4499 supremus
1235 4407 1453 4492 Pomeranie,
1483 4405 1682 4496 Russieque
1709 4403 1814 4476 heres
1844 4406 1879 4475 et

334 4517 512 4598 deminus,
544 4511 800 4602 significamus.
819 4519 942 4586 tenore
965 4517 1203 4607 presencium,
1235 4515 1366 4606 quibus
1396 4513 1549 4606 expedit,
1581 4515 1771 4597 uniuersis,
1802 4530 1878 4604 pre·

333 4624 497 4697 sentibus
529 4625 565 4692 et
586 4619 730 4703 futuris,
761 4625 990 4711 presencium
1020 4624 1190 4695 noticiam
1220 4623 1406 4706 habituris
1440 4619 1617 4712 quomodo
1649 4621 1879 4692 serenissima

335 4735 511 4826 princeps,
543 4727 690 4800 domina
714 4727 897 4818 Heduigis,
929 4729 1013 4802 diue
1046 4735 1083 4802 et
1104 4729 1290 4808 recolende
1321 4731 1492 4801 memorie
1523 4731 1648 4818 regina
1678 4728 1821 4800 Polonlo
1844 4727 1880 4796 et

331 4843 437 4913 heres
461 4838 562 4926 regui
586 4835 778 4922 Hungan'e,
803 4837 889 4908 olim
906 4859 1051 4910 consors
1067 4844 1191 4910 nostra
1213 4837 1434 4922 charissima,
1459 4835 1546 4908 dum
1569 4835 1688 4908 adhuc
1710 4837 1749 4907 in
1771 4835 1879 4907 hriius

232 5027 237 5036 ,
332 4949 458 5021 mundi
492 4944 655 5016 maneret
690 4944 833 5036 periodo
864 4967 930 5017 seu
960 4948 1073 5018 vitam
1104 4945 1251 5018 duceret
1284 4946 1321 5016 iu
1352 4944 1533 5030 humanis
1567 4944 1670 5016 nobis
1699 4941 1878 5035 replicatis

331 5059 472 5128 vicibus
497 5057 734 5152 supplicabat,
765 5061 805 5126 vt
827 5074 892 5147 pro
918 5057 1203 5126 commutacione
1231 5052 1420 5124 cuiusdam
1443 5051 1638 5124 molendini
1669 5051 1737 5122 sub
1762 5053 1878 5124 castro

331 5172 453 5238 nostro
477 5166 669 5257 Pyndreusi
698 5165 832 5247 situati,
868 5182 890 5232 a
920 5165 1136 5234 monasterio
1161 5161 1338 5233 Laudensi
1372 5159 1509 5232 dudum
1539 5179 1604 5252 per
1635 5163 1879 5231 antecessores

332 5280 474 5347 nostros
499 5275 654 5356 alicnati,
686 5271 804 5342 eidem
828 5271 1043 5342 monasterio
1068 5270 1210 5360 syluam
1234 5273 1404 5354 nostram,
1440 5268 1580 5340 dictam.
1599 5269 1765 5351 Woooot,
1797 5283 1879 5338 cum

333 5382 490 5474 quadam
514 5382 600 5452 villa
623 5381 765 5451 deserta
795 5378 891 5449 dicta
915 5381 1133 5466 Kozaaarpe
1158 5382 1194 5448 ct
1218 5379 1345 5447 ceteris
1370 5376 1591 5466 coherencijs
1616 5379 1651 5445 et
1674 5373 1878 5464 attinencijs

333 5491 524 5574 vniuersis,
559 5487 605 5560 ad
635 5491 753 5580 ipsam
784 5485 1051 5578 quomodolibet
1083 5485 1354 5578 pertinentibus,
1386 5485 1625 5576 appropriare,
1656 5484 1880 5574 incorporare

332 5603 370 5671 et
393 5598 589 5688 adiungere
613 5595 752 5686 dignati
776 5595 982 5668 luissemus.
1029 5593 1075 5666 Et
1097 5595 1265 5684 qrranruis
1297 5594 1378 5686 ipsa
1399 5595 1544 5664 vineato
1568 5589 1637 5662 hoc
1660 5593 1779 5682 ipsum
1809 5603 1880 5660 non
1922 5658 1925 5665 ,

2163 4504 2328 4601 Poloniae

2165 4655 2303 4709 annuos

2166 4743 2337 4817 conualles

2169 5053 2258 5126 apo
2282 5033 2319 5102 ni

2169 5141 2349 5234 praenietd

2171 5247 2353 5337 treguam

2173 5354 2345 5457 Zaramba
