4734 6356
257 469 298 550 la

256 672 462 766 perpetuam
503 645 710 730 memoriam
749 638 999 738 significamus
1038 647 1161 720 tenere
1199 642 1435 742 presencium,
1477 641 1607 740 quibus
1643 639 1794 744 expedit,
1912 617 2181 710 archidiaconis,
2204 595 2357 714 lllberto'i

255 773 443 854 uniuersis,
467 759 692 859 presentibus
716 761 753 829 at
774 756 917 842 futuris,
947 759 1174 850 presencium
1205 758 1375 828 noticiam
1397 757 1584 843 habituris,
1615 757 1710 848 qnod
1732 778 1795 852 pm
1910 739 2024 838 posito
2048 733 2085 801 ct
2103 715 2261 842 oilleiall,
2283 708 2360 830 Pati

1913 837 2162 924 Bartholomee
2191 818 2360 933 lhnlronn¹

1917 948 2058 1032 Grelolr,
2080 935 2216 1014 Mathia
2238 927 2284 998 de
2297 921 2362 1040 idq

1917 1053 2082 1146 lanirssil,
2105 1038 2250 1140 prelatis
2273 1034 2310 1103 at
2336 1047 2352 1100 ι

1920 1169 2015 1264 gatis
2038 1163 2075 1234 at
2097 1153 2179 1245 alijs
2202 1092 2365 1218 multiai

254 883 372 958 debito
395 871 584 970 pastoralis
607 865 720 957 oifiolj
746 884 812 936 nos
834 871 996 956 urgente,
1021 861 1065 936 ad
1089 883 1143 950 aa,
1165 883 1230 956 par
1253 865 1456 970 quaeultus
1478 863 1622 937 diruens
1647 872 1796 956 augetur

255 1000 292 1064 et
313 992 429 1060 status
452 977 603 1052 ecelesia
625 973 816 1058 radicatur,
840 977 1005 1044 tenemur
1026 970 1220 1056 intendere,
1245 969 1314 1044 hoc
1331 974 1424 1044 inter
1447 978 1566 1044 catera
1587 976 1795 1066 precipuum

255 1101 374 1170 nostre
408 1089 539 1162 menits
573 1085 731 1156 animam
762 1081 998 1175 amplectitur,
1031 1099 1095 1173 per
1127 1099 1197 1170 que
1227 1079 1335 1151 saluti
1368 1083 1569 1152 animarum
1591 1079 1797 1172 promittetur

255 1209 293 1276 et
313 1199 406 1275 tides
436 1189 631 1268 orthodoxe
653 1188 811 1261 salubria
840 1191 992 1280 suscipit
1022 1189 1252 1260 incramenta.
1300 1186 1467 1260 Solemer‘
1483 1189 1521 1259 in
1544 1191 1663 1260 animo
1686 1191 1796 1262 reuol.

254 1315 380 1384 uenies
403 1299 651 1395 dispendiosis
675 1297 907 1369 ecclesiarum
931 1295 1185 1380 desolaciones,
1209 1313 1282 1386 qua
1301 1295 1513 1388 plerumque
1530 1299 1675 1390 propter
1695 1293 1796 1372 dlml·

255 1419 443 1490 nucionem
472 1412 724 1504 prouentuum,
759 1403 964 1476 reddituum
1002 1423 1045 1474 ae
1076 1406 1209 1475 iurium
1243 1405 1459 1498 proueniunt
1494 1423 1536 1474 ae
1567 1422 1738 1496 personas
1761 1411 1797 1480 at

185 1597 193 1611 ,
256 1527 436 1598 ministres
460 1516 667 1600 earundem,
696 1512 792 1585 vnde
819 1515 955 1596 uiuant,
989 1511 1128 1583 iaciunt
1153 1529 1226 1584 non
1255 1509 1439 1594 habentes,
1471 1511 1601 1602 quibus
1623 1517 1796 1602 quantum

255 1647 456 1726 possumus,
486 1627 652 1716 cupimus
675 1622 834 1694 obuiara:
870 1639 958 1692 sane
992 1621 1153 1710 exposita
1187 1637 1307 1691 coram
1339 1618 1441 1690 nobis
1474 1617 1602 1691 nobilis
1634 1616 1737 1692 nobis
1759 1622 1813 1714 lu
1882 1643 1886 1652 ·

256 1740 394 1811 Christo
428 1734 547 1806 dilecti
579 1729 713 1804 Mathia
744 1727 829 1801 llott
860 1729 898 1799 ln
931 1727 1094 1800 Doomm
1116 1725 1270 1811 heredis,
1304 1729 1434 1820 peticio
1466 1725 1680 1812 eondnabat,
1714 1745 1798 1820 qno-

258 1844 362 1918 modo
387 1841 523 1913 dudum
547 1839 700 1911 aeclesia
722 1834 935 1930 paroehialis
964 1833 1098 1906 ibidem
1120 1836 1159 1906 in
1181 1833 1382 1921 Demeam)
1411 1853 1477 1926 per
1504 1838 1683 1926 patronos,
1712 1853 1797 1909 suos

258 1952 535 2046 predecessores,
558 1945 627 2018 sub
649 1942 909 2028 ratihablcione¹
929 1945 1132 2015 masuerum
1156 1940 1459 2034 predecessorum,
1484 1939 1708 2015 dommomm
1727 1946 1798 2036 apl·

256 2077 445 2152 scaporum
468 2055 553 2128 elim
588 2051 758 2124 eiusdem·
772 2049 923 2122 ecelesia
954 2048 1219 2135 Posnaniensis,
1254 2048 1493 2142 inlrascrlptis
1526 2047 1724 2122 redditibus
1756 2069 1799 2124 ac

257 2165 488 2262 prouentibus
523 2167 561 2234 at
598 2158 736 2232 iuribus
773 2160 821 2228 sit
853 2155 985 2241 demta,
1018 2160 1070 2230 lta
1099 2155 1277 2242 videlicet,
1311 2155 1406 2248 quod
1443 2160 1539 2230 circa
1574 2155 1798 2232 dotationem

257 2272 461 2346 huiusmodi
484 2272 679 2362 prouentus
702 2264 797 2336 dieta
819 2264 969 2336 ecelesn
992 2268 1087 2347 arant¹
1105 2267 1233 2338 annexi
1258 2269 1294 2336 et
1315 2267 1439 2349 iunatl,
1471 2263 1639 2337 videlieet
1660 2263 1800 2341 decima

258 2381 499 2472 manipularis,
529 2375 710 2459 allodium,
742 2371 901 2458 taberna,
936 2374 1123 2462 nauigium
1155 2375 1193 2444 in
1227 2369 1379 2445 ilunune
1413 2371 1508 2445 dieto
1533 2375 1683 2446 Wartho
1704 2376 1800 2448 cuca

258 2487 427 2560 allodium
451 2491 488 2554 et
510 2485 600 2556 alter
621 2482 722 2553 lacus
745 2479 864 2551 dictus
887 2481 1090 2552 oosmzeoo
1114 2479 1248 2552 ibidem
1279 2483 1317 2552 in
1344 2481 1517 2566 Donabno,
1548 2483 1636 2554 item
1659 2480 1799 2556 madius

258 2615 387 2668 musas
402 2587 440 2664 in
456 2591 668 2674 Kerobiouo,
692 2589 780 2659 item
802 2590 840 2659 in
856 2589 970 2676 Lippa
984 2586 1125 2661 medius
1139 2607 1281 2674 census,
1304 2590 1394 2660 item
1408 2587 1551 2660 ln·vllla
1573 2590 1801 2678 maauaie·

258 2709 295 2774 at
326 2695 465 2783 liolbha',
501 2717 571 2788 qua
605 2695 694 2768 alias
729 2697 932 2784 Bononorco
967 2699 1204 2788 nuncupatur,
1245 2695 1383 2768 decime
1420 2696 1673 2788 manipulares,
1710 2699 1798 2770 itam

257 2809 431 2880 decimai
456 2793 606 2877 Wotteau
637 2823 721 2874 cum
756 2801 963 2882 missalibus
998 2822 1148 2890 annone,
1180 2805 1269 2876 item
1300 2804 1338 2874 iu
1373 2804 1508 2876 Ostrow
1541 2801 1682 2876 decima
1714 2823 1799 2877 cum

258 2915 472 2998 missalibus,
505 2915 543 2984 in
565 2911 652 2983 villa
673 2909 840 2982 videlicet
874 2912 1096 2996 Boschlmeeo,
1135 2913 1270 2996 Kreoo,
1303 2913 1501 2982 Piscatores
1539 2914 1576 2984 at
1610 2911 1650 2984 in
1686 2914 1798 2998 Baio,

256 3023 457 3094 Orcechowo
489 3017 652 3091 missales
682 3037 832 3104 annone,
870 3019 959 3090 item
996 3019 1035 3090 in
1072 3019 1283 3104 Caeraaooh
1321 3017 1487 3090 missales
1526 3038 1675 3105 amone,
1711 3021 1800 3092 item

256 3130 294 3199 in
317 3129 477 3198 Dareine
501 3125 546 3197 de
568 3125 726 3198 tabernis
755 3146 821 3218 per
843 3124 934 3197 duos
968 3144 1123 3216 grossos,
1155 3128 1244 3198 item
1276 3125 1322 3198 da
1345 3125 1559 3198 molendinis
1592 3145 1657 3218 par
1689 3146 1799 3198 unam

257 3253 463 3306 mensuram
485 3233 599 3305 larino
633 3231 679 3305 de
711 3233 870 3324 qualibet
902 3237 983 3306 rota
1016 3233 1168 3324 singulis
1192 3236 1306 3306 annis.
1352 3232 1429 3321 Qua
1452 3232 1598 3324 quidam
1624 3235 1801 3326 premissa

255 3343 378 3412 emnia
408 3343 444 3411 at
476 3340 618 3430 engela
642 3340 687 3412 ab
711 3342 872 3431 antiquis¹
901 3341 1008 3431 longe
1038 3343 1224 3414 retroactis
1259 3340 1481 3434 temporibus
1512 3341 1739 3434 pertinebant
1765 3345 1802 3414 et

256 3447 478 3540 spectabant,
501 3450 819 3540 pertinueruntque
841 3453 879 3520 et
900 3452 1080 3542 pertinent
1102 3445 1150 3520 ad
1172 3447 1307 3520 dictem
1330 3450 1520 3521 ecelesiam
1542 3447 1802 3542 parrochialem

256 3555 294 3625 in
318 3555 479 3624 Domino
503 3559 539 3625 et
561 3557 639 3646 aius
660 3559 845 3640 rectorem,
870 3559 932 3650 qui
955 3559 1012 3630 ast
1034 3561 1156 3650 cipro
1178 3560 1341 3650 tempere
1363 3556 1486 3643 fuerin
1511 3576 1553 3628 ac
1576 3559 1690 3628 eciam
1714 3555 1801 3628 dieti

254 3665 411 3732 rectores
435 3660 596 3734 eiusdem
619 3663 777 3749 ecclesie,
801 3667 864 3755 qul
890 3664 1037 3736 luerunt
1060 3668 1096 3736 et
1119 3667 1180 3756 qui
1210 3662 1316 3737 mede
1339 3669 1404 3750 est,
1436 3684 1459 3737 a
1484 3669 1645 3756 tempere
1672 3667 1709 3736 et
1736 3683 1801 3757 per

254 3773 411 3859 tempus,
436 3771 538 3840 cuius
561 3773 725 3862 eonuarij
744 3775 931 3844 memoria
952 3771 1140 3844 hominum
1169 3791 1242 3844 non
1266 3775 1395 3857 existit,
1419 3774 1457 3844 in
1481 3773 1705 3864 possessione
1729 3769 1800 3845 die·

255 3879 376 3945 torum
406 3881 646 3965 prouentuurn
676 3878 824 3952 luamnt
856 3879 1011 3971 pacifica
1047 3884 1084 3952 et
1118 3883 1249 3972 quieta.
1295 3879 1369 3952 Nos
1398 3881 1509 3969 igitur
1535 3878 1661 3951 habita
1693 3899 1801 3972 super

254 3983 443 4072 premissis
481 4002 565 4054 eum
601 3987 808 4058 maturitate
842 3991 1041 4060 summaria
1075 3987 1332 4060 inlormaeiena
1371 3987 1544 4077 diligenti,
1578 3991 1802 4079 receptisque

169 4177 175 4186 ε
254 4087 440 4158 nonnullis
460 4089 612 4162 testibus
641 4111 684 4164 ae
705 4095 907 4168 iuramento
941 4093 1099 4168 adhibito
1129 4100 1167 4167 at
1196 4097 1458 4168 communicato
1489 4097 1636 4186 insuper
1657 4093 1802 4167 venerass

254 4193 382 4264 bilium
417 4193 569 4267 fratrum
599 4203 810 4288 nostrorum,
838 4202 1006 4274 videlieet
1037 4203 1184 4295 capituli
1213 4205 1326 4275 nostrl
1356 4203 1608 4274 Poenaniensls
1644 4201 1801 4288 consilio,

253 4303 344 4388 quia
365 4319 408 4372 ax
431 4305 520 4374 actis
544 4307 580 4375 et
602 4304 837 4382 relacionibus
869 4309 1072 4400 iidedignis,
1102 4311 1209 4382 iactis
1233 4329 1353 4382 coram
1377 4309 1490 4394 nobis,
1514 4311 1690 4400 premissa
1710 4313 1801 4395 iura,

253 4404 418 4478 redditus
438 4415 474 4480 et
496 4417 701 4501 prouentus,
724 4421 830 4506 prout
845 4421 1011 4510 superius
1035 4417 1215 4511 descripta
1237 4422 1323 4489 sunt
1345 4423 1382 4489 et
1405 4416 1452 4488 ad
1471 4417 1604 4488 dietam
1619 4417 1800 4510 parocbia·

253 4513 329 4584 lem
359 4514 547 4588 ecelesiam
586 4521 624 4590 in
661 4523 816 4594 oenone
851 4529 1049 4617 reperimus
1088 4527 1276 4617 pertinere,
1314 4525 1395 4596 ideo
1434 4524 1612 4596 dictorum
1648 4523 1801 4598 fratrum

253 4625 459 4692 nostrorum
483 4627 519 4694 et
551 4627 697 4717 capituli
727 4629 980 4704 Posnaniansis
1003 4653 1067 4726 pro
1098 4632 1203 4705 dietis
1226 4631 1436 4716 redditibus,
1471 4631 1609 4718 allodio,
1640 4632 1800 4718 lacubus,

253 4725 406 4798 decimis
439 4735 476 4798 et
498 4733 665 4804 censibus
700 4734 806 4808 lactis
842 4740 991 4812 eeclesia
1026 4739 1185 4833 predicte
1218 4761 1283 4832 per
1317 4741 1437 4811 omnia
1468 4747 1547 4810 rata
1568 4737 1742 4812 habentes
1765 4745 1802 4812 at

104 4883 108 4892 .
252 4837 370 4920 μιιιῑι,
394 4837 474 4926 ipsa
496 4835 541 4907 da
564 4844 662 4910 certa
692 4847 816 4916 nestra
844 4850 1000 4919 sciencia
1024 4848 1274 4940 approbamus,
1307 4846 1531 4918 ratificamus
1555 4852 1592 4919 et
1614 4847 1801 4920 conlirma·

253 4959 339 5010 mus
362 4945 484 5014 tenore
507 4948 732 5038 presencium
756 4951 948 5038 mediante,
979 4957 1161 5048 perpetuis
1192 4955 1412 5047 temporibus
1443 4953 1623 5026 duratura.
1669 4957 1802 5027 Actum

252 5051 294 5117 at
325 5046 450 5123 datum
482 5051 658 5125 Poznanie
689 5059 726 5126 in
761 5061 916 5150 capitulo
952 5062 1109 5152 generali
1143 5061 1292 5134 sabbato
1328 5061 1423 5134 inira
1455 5067 1602 5132 octonas
1637 5061 1802 5154 Corporis

251 5153 388 5228 Christi
411 5159 478 5230 sub
502 5181 596 5232 anno
627 5161 771 5236 Domini
805 5169 994 5240 millesimo
1018 5169 1370 5260 quadringentesimo
1400 5171 1525 5260 primo.
1571 5168 1800 5242 Prasentibus

182 5351 186 5356 Ι
250 5265 290 5334 at
314 5269 625 5341 consencientibus
648 5271 911 5346 venerabilibus
935 5279 1022 5348 viris
1046 5277 1215 5348 tratribus
1240 5279 1382 5362 rrostris,
1407 5275 1576 5348 dominis:
1608 5277 1800 5348 Virro-aneio

248 5375 446 5462 preposito,
487 5377 634 5448 Albano
673 5377 916 5468 Poananiansi,
954 5383 1114 5455 Corrrado
1156 5385 1368 5469 Srzemansi,
1411 5383 1558 5454 llerslae
1602 5383 1801 5455 l'ezenemi

1954 1379 1959 1389 ·
2087 1284 2363 1412 meamea:

2062 1511 2364 1691 ,ἤβφηηὶἶρῇ

2132 1615 2364 1774 maisin·

2131 1781 2340 1856 &adomnia

2138 1866 2367 1945 Offlmwifl'a

2138 2053 2349 2125 Βιιίηιιὶιι·

2145 2148 2313 2228 01168ᾸοΨοἸ

2106 2243 2304 2322 'totmanno
2328 2256 2355 2274 ·»

1955 2661 2009 2730 18.
2056 2647 2155 2720 1401.
2179 2635 2237 2707 die
2259 2633 2291 2702 4.
2315 2644 2367 2696 ιιι-γ

2120 2833 2299 2934 hlbartus
2322 2840 2363 2903 aa

1959 2964 2096 3035 honam
2118 2939 2290 3020 ecelesiae
2310 2949 2349 3022 p>

2126 3143 2167 3216 R.
2190 3131 2348 3224 Wolclec

1970 3271 2137 3346 eamrago
2167 3239 2360 3324 kallskieg

1971 3393 2004 3444 w
2028 3347 2336 3466 Lutopniewm·
2353 3362 2362 3403 ι

1975 3477 2149 3555 noniene,
2173 3461 2340 3534 mianoor

1979 3584 2115 3674 aiecius
2137 3581 2306 3662 snopoua,
2328 3576 2351 3649 p

1980 3689 2115 3767 Wadi
2129 3685 2154 3770 ι)
2190 3672 2296 3748 ZbOZC
2354 3694 2361 3727 ι

1985 3787 2191 3892 rogodnych
2214 3777 2311 3860 esth,
2362 3826 2363 3829 ,

1986 3908 2083 4004 poris
2110 3891 2243 3972 Christi
2272 3905 2304 3956 a.
2346 3886 2359 3939 ι

1990 4017 2172 4089 diaconus,
2200 3985 2364 4070 Conrad

1992 4117 2194 4218 prepositus
2218 4095 2363 4178 Glnser'

1995 4224 2205 4306 scolasticus
2245 4205 2365 4318 Lubna

1997 4331 2177 4412 RincunlS,
2215 4317 2365 4394 Iohann

1998 4441 2153 4520 blathias
2177 4430 2222 4502 de
2245 4421 2330 4497 ilaei

2003 4549 2117 4634 Bllda,
2141 4535 2267 4638 prelati
2290 4529 2328 4598 at

2171 4755 2244 4812 hats
2261 4741 2367 4818 apiaca

2177 4937 2367 5079 ”aaa
