4734 6356
43 663 68 752 ¹),
86 655 150 736 com

38 775 150 855 oriente,

38 877 149 950 bivero
230 949 233 956 Δ

52 1005 79 1054 se
103 987 149 1057 rel

38 1097 48 1162 t
69 1095 148 1162 catir-

38 1221 47 1268 t
77 1200 147 1270 Item

38 1306 146 1378 unibus

45 1411 145 1485 eisdem

38 1519 146 1608 igariter

38 1627 143 1700 llorurn

38 1753 53 1802 o
68 1739 143 1824 pote·

38 1839 86 1911 bus
105 1841 141 1915 do

48 1949 142 2033 opole

51 2053 141 2128 labore

38 2183 41 2224 ι
65 2182 140 2252 sepe·

38 2265 42 2336 i
55 2269 137 2340 ecole-

38 2375 136 2448 ultibus

38 2479 136 2556 ideiicet

38 2593 134 2676 niens

1840 401 2018 530 ‚oo
2104 465 2150 550 '.

410 639 677 735 ‘swantbosiao
727 649 920 744 castellano
948 613 1193 739 'Crrllissienst
1238 612 1384 726 Andros
1421 658 1457 726 et
1494 649 1684 727 Prnibislao
1722 653 1767 727 de
1805 655 1977 742 Grnaioo,

432 767 585 842 Iohanne
600 763 644 834 dc
658 765 942 852 Iaropnpeoiczc,
967 761 1205 852 lleynczkorrc
1222 755 1258 834 et
1272 744 1501 834 Franczkonc
1519 762 1687 835 frutribus
1704 762 1809 833 dictis
1834 759 1981 852 Skappe

432 875 476 948 do
500 873 632 960 Unoed,
657 869 840 944 Gunthero
864 869 991 942 Prodel
1017 869 1061 940 de
1312 873 1318 884 '
1347 873 1394 958 (s)
1417 870 1621 956 heredibus,
1652 869 1799 942 Nicoloo
1827 867 1979 940 sculteto

340 1023 345 1030 ·
433 983 476 1055 de
498 980 656 1068 Szetnoo,
692 978 828 1050 blatlri'n
851 977 1063 1050 Snrnolczicu
1092 977 1137 1048 dc
1165 981 1285 1048 llolno
1311 980 1574 1065 blneator-reno,
1604 979 1649 1048 W
1652 977 1774 1050 itkono
1798 979 1843 1048 de
1864 977 1980 1049 Sroclre

350 1145 353 1150 -
431 1091 682 1178 Mneclroreeroo
706 1087 869 1158 scultetis
893 1091 929 1156 et
953 1086 1034 1177 oiijs
1064 1106 1172 1176 quum
1202 1085 1363 1176 pluribus
1391 1084 1584 1176 fidedignis
1609 1085 1655 1158 ad
1678 1088 1854 1177 premisso
1876 1104 1980 1156 voca·

431 1201 479 1270 tls
502 1197 705 1282 abrogatis,
730 1193 798 1265 sub
822 1213 915 1265 anno
940 1193 1083 1290 Domini
1109 1193 1297 1264 millesimo
1322 1193 1674 1284 quadringentesimo
1696 1195 1823 1285 primo.

592 1391 667 1448 Aeto
684 1390 842 1448 consistorii
862 1389 1028 1464 episcopalis
1048 1389 1245 1447 Poenanicnsis
1264 1387 1300 1446 do
1318 1408 1344 1447 n.
1365 1391 1552 1450 lateo-troi.

596 1571 616 1638 ¹)
639 1569 797 1642 Opobrrr'cm
817 1569 987 1626 nriestccziro
1005 1567 1062 1626 nod
1081 1569 1163 1640 melsa
1181 1569 1335 1642 llogiinica
1354 1589 1379 1627 rr
1397 1571 1528 1644 poniecie
1548 1569 1734 1626 bukonskim.

594 1661 617 1732 ¹)
636 1655 815 1716 Ho'elromerro
834 1659 899 1718 ories
918 1659 1076 1734 paralleloe
1095 1659 1229 1732 n'tymle
1248 1661 1387 1734 pouiecie.

593 1750 615 1824 ¹)
633 1749 824 1820 autrepierre·
840 1750 905 1807 erici
924 1769 949 1807 rr
968 1757 1061 1824 lymbo
1079 1749 1219 1824 powiccic,
1238 1751 1339 1824 paralii
1363 1750 1520 1823 opolenr'co.
1573 1805 1575 1810 ,

434 2151 488 2221 21.
535 2147 633 2216 1402.
659 2142 716 2216 die
741 2147 794 2216 13'.
818 2147 955 2218 mensis
978 2145 1172 2232 Februarii,
1197 2143 1398 2218 Cracoriae.

593 2341 815 2414 Wladislaus
837 2342 877 2414 ΙΙ.
905 2362 968 2414 rex
990 2341 1157 2415 Poloniae
1188 2341 1335 2415 Nicolao
1366 2341 1540 2434 Keainger
1570 2341 1616 2415 de
1644 2339 1892 2433 Nnremberga
1913 2360 1979 2434 pro

433 2450 578 2562 Nicolao
600 2449 767 2522 Bochnar
789 2453 958 2545 suppario
983 2449 1076 2524 Salis
1099 2451 1287 2542 utriusque
1309 2449 1492 2524 iideiubet.

595 2646 814 2721 wladislaus
836 2647 905 2720 Dei
927 2649 1051 2738 gracia
1078 2668 1142 2720 rex
1170 2640 1324 2733 Polonie',
1354 2647 1626 2740 Lythuaniequc
1657 2650 1826 2741 princeps
1858 2666 1980 2741 supre-

435 2775 515 2830 mus
539 2759 575 2828 et
597 2753 852 2828 heresllnssie
883 2762 950 2828 otc.
974 2755 1242 2846 significamus,
1276 2756 1407 2846 quibus
1431 2755 1583 2848 expedit,
1613 2757 1802 2840 uniuersis,
1835 2775 1979 2848 presen-

435 2865 531 2936 cium
569 2865 740 2968 noticiam
774 2863 962 2949 habituris,
995 2861 1172 2955 quomodo
1210 2865 1492 2956 circumspectus
1524 2863 1693 2936 Nicotaus
1727 2862 1903 2953 Kezinger
1935 2861 1980 2936 de

434 2969 687 3061 Nurernberge,
711 2975 888 3044 mascator
909 2977 1031 3044 noster
1052 2971 1172 3043 iidebs
1195 2970 1358 3058 dilectus,
1383 2991 1465 3043 curn
1489 2990 1557 3044 suo
1578 2973 1759 3056 societate,
1795 2973 1981 3064 cupientes

435 3081 472 3152 in
504 3099 546 3152 eo
578 3083 700 3152 nostre
730 3077 933 3151 celsitudini
961 3079 1172 3171 obsequium
1195 3077 1315 3152 facere
1350 3078 1514 3172 speciale,
1547 3077 1761 3172 prudentem
1789 3077 1979 3152 Nicolaum

433 3183 597 3258 Boch'uar
631 3188 749 3258 ciuem
782 3185 1067 3272 Gracouiensem,
1098 3189 1310 3279 auppariunr
1341 3189 1455 3258 nostri
1485 3185 1578 3258 Salis
1600 3189 1797 3277 virtusque,
1832 3185 1980 3259 iidelem

433 3298 595 3367 noenum
618 3293 800 3379 dilectum,
824 3297 931 3366 certis
953 3297 1187 3387 pecuniarum
1211 3297 1365 3366 summis
1388 3314 1452 3386 pro
1474 3298 1598 3367 nostro
1621 3293 1833 3366 celsitudine
1855 3300 1893 3366 et
1914 3313 1980 3386 pro

434 3404 648 3496 nemssmiJs
676 3404 810 3475 nostris
840 3404 1011 3494 expositis
1040 3405 1343 3495 supportauerunt
1366 3407 1403 3473 et
1424 3401 1706 3474 subleuaueruut
1728 3421 1811 3474 curn
1834 3401 1980 3474 adiectu.

292 3537 294 3540 ·
433 3507 602 3583 volentes
624 3513 735 3600 igitur
755 3510 937 3602 prelatum
960 3509 1149 3583 Nicolaum
1171 3509 1346 3599 Kezingor
1369 3513 1406 3582 et
1420 3529 1524 3582 suam
1540 3511 1749 3582 societatem
1763 3509 1980 3602 specialibus

434 3619 635 3708 manuum
656 3622 862 3691 nostrarum
888 3616 1073 3690 fauoribus
1103 3620 1281 3710 prosequi,
1310 3619 1552 3712 promittimus
1583 3617 1692 3690 verbo
1714 3620 1824 3708 regio,
1849 3619 1880 3688 si
1903 3637 1981 3709 pre·

435 3723 570 3798 dictum
604 3725 793 3798 Nicolaum
828 3725 995 3798 Bochnar
1028 3728 1241 3819 supparium
1276 3724 1321 3797 ob
1360 3724 1430 3796 hac
1462 3725 1543 3796 luce
1582 3727 1738 3814 migrare
1773 3727 1981 3816 contigeret,

434 3829 639 3907 brdusmodi
661 3835 815 3906 summis
837 3837 1072 3926 pecuniarum
1096 3853 1119 3906 a
1141 3833 1279 3926 prefato
1302 3832 1449 3905 Nicolao
1478 3831 1654 3921 Keninger
1676 3837 1714 3904 et
1736 3852 1758 3903 a
1781 3853 1848 3905 sua
1871 3834 1981 3904 socie

419 3941 509 4012 tate
522 3961 587 4035 pro
601 3943 744 4028 nostris,
766 3946 811 4013 ut
823 3941 1011 4034 prelertur,
1035 3941 1360 4035 opportunitatibus
1374 3941 1537 4032 receptis,
1560 3941 1632 4032 ipsi
1645 3938 1792 4012 Nicolao
1807 3938 1984 4030 Keringor

436 4050 472 4118 et
500 4067 567 4122 sue
595 4051 759 4122 societati
789 4069 861 4122 non
892 4049 1074 4133 exsolutis,
1111 4069 1175 4142 pro
1207 4047 1344 4121 eisdem
1374 4049 1526 4120 summis
1556 4049 1791 4140 pecuniarum
1821 4047 1982 4121 nondum

416 4153 571 4242 ¹solutis,
603 4177 712 4250 snper
733 4157 864 4248 quibus
894 4157 1000 4229 claris
1030 4161 1067 4228 et
1096 4155 1323 4229 stridentibus
1347 4157 1489 4248 scriptis
1513 4153 1630 4227 edocti
1651 4155 1839 4240 fuerimus,
1864 4155 1982 4228 eidem

375 4283 379 4290 ’
436 4257 578 4338 Nicolao
601 4263 776 4355 Keringer
803 4270 841 4337 et
869 4260 934 4336 due
957 4267 1120 4337 societati
1143 4264 1363 4348 satisiacere,
1393 4265 1562 4355 ipsosque
1591 4263 1736 4354 penitus
1768 4260 1981 4356 indempnes

436 4365 580 4444 reddere
603 4375 767 4466 pretextu
801 4369 1037 4466 pecuniarum
1058 4372 1265 4447 eorundem.
1311 4371 1447 4443 Harum
1476 4369 1606 4461 quibus
1634 4369 1795 4460 sigillum
1818 4376 1983 4444 nostrum

437 4480 492 4548 cst
512 4497 712 4572 appensum
738 4481 945 4553 testimonio
967 4479 1163 4552 literarum.
1196 4478 1331 4552 Datum
1355 4478 1525 4551 Crocouie
1547 4475 1640 4550 ieria
1662 4477 1821 4550 secrmde
1844 4477 1983 4552 Carnis·

436 4585 553 4680 priuu,
576 4606 669 4660 auno
685 4585 830 4660 Domini
846 4587 1036 4660 millesimo
1052 4585 1403 4678 quadringentesimo
1425 4583 1593 4658 secundo.
1618 4623 1661 4636 —
1685 4571 1752 4682 Ad·
1766 4585 1982 4662 relacionem
2101 4609 2103 4614 ·

436 4693 621 4767 reuerendi
633 4697 674 4767 in
688 4693 830 4768 Christo
844 4698 970 4788 patris,
994 4693 1130 4768 domini
1153 4694 1290 4768 Nicoloi
1314 4695 1473 4788 episcopi
1495 4691 1819 4782 Wladislauiensis,
1841 4713 1983 4774 necnon

437 4791 569 4874 domiui
591 4800 786 4876 Clementis
807 4801 1090 4897 vicecancellarij
1116 4805 1218 4894 regni
1241 4801 1395 4875 Polouie.
1531 4879 1537 4893 ,

516 5009 517 5012 '
594 5015 763 5077 neema
787 5018 1012 5092 pergenium,
1038 5015 1243 5093 przeebonany
1261 5033 1286 5074 w
1303 5015 1459 5076 mobinnm
1487 5013 1620 5090 kapituly
1647 5017 1885 5092 metropolitains!
1905 5017 1983 5090 prde-

437 5098 765 5273 mbfflm’
782 5115 936 5182 optimuy
955 5107 1004 5182 opi
1023 5109 1187 5182 pierwotnle
1213 5107 1299 5180 jeduq
1326 5108 1472 5183 piecaeciip,
1500 5121 1538 5180 po
1565 5105 1656 5177 keini
1676 5107 1757 5180 tyiko
1776 5105 1862 5182 pesek
1880 5123 1981 5182 perpe·
