4722 6360
30 2313 122 2382 ticis
148 2331 189 2383 ec

9 2448 15 2481 ι
28 2421 189 2490 'ciarum

11 2560 30 2594 n
80 2525 190 2598 110le

10 2637 90 2706 atis
113 2653 190 2726 per·

2 2763 85 2834 qua
109 2761 218 2812 con·-

2 2884 8 2911 2
43 2855 87 2920 ct
110 2869 191 2920 con·

12 2961 22 2976 ⁶
63 2961 191 3029 nostro

0 3098 40 3147 x2:
79 3063 192 3136 eccle
234 3133 242 3144 ,

4 3180 40 3246 rt
74 3173 193 3244 ROSffl

27 3287 70 3353 et
96 3283 195 3352 circa

51 3385 194 3482 precia·

1 3498 195 3576 :ssimum

0 3638 12 3665 »2
53 3603 196 3675 slsum

8 3727 197 3806 personas

0 3853 27 3884 i<
62 3833 198 3890 omnes

13 3921 199 3997 'domini

25 4029 199 4126 episcopi

26 4145 89 4214 eis
115 4155 199 4209 eon·

12 4249 200 4322 wmatfl,

18 4392 44 4442 ·,
82 4351 201 4426 omni·

13 4498 21 4527 ;
56 4457 200 4535 nostris

3 4583 201 4644 eRS-VBUS

51 4675 201 4746 «ento

30 4791 75 4858 et
100 4789 201 4854 tene

5 5005 79 5076 aut
105 4994 200 5069 iuiu-

3 5104 200 5204 rporibus

0 5219 82 5290 »uls
109 5226 198 5282 cou-

29 5329 135 5396 inter
160 5331 200 5382 st

6 5453 78 5530 pro
104 5425 201 5500 iniu-

1929 457 1993 534 ui

455 667 518 762 rije
543 684 564 736 a
585 661 756 755 pretectis
786 659 1038 734 ecclesiasticis
1063 663 1224 754 personis
1255 661 1365 734 illatis
1389 665 1426 733 et
1448 681 1518 753 quo
1549 659 1654 734 modo
1687 660 1886 734 seeundum
1916 680 1996 732 ron·

455 776 534 852 silla
557 769 797 864 predictonrm
823 775 976 860 quatuor
999 770 1223 841 dominorum
1249 771 1415 840 resistere
1438 769 1569 842 debent
1592 776 1628 842 et
1651 790 1691 841 se
1707 768 1898 841 defendere
1922 767 1996 856 (ab)

456 878 743 977 oppressionibus
775 882 811 948 et
840 879 983 970 inlur'qjs
1011 880 1221 961 nominatis;
1257 878 1376 950 taliter
1411 883 1547 950 tamen:
1582 880 1614 949 si
1645 879 1774 968 aliquis
1810 877 1997 948 nobiscnm

457 999 548 1065 stare
571 1005 643 1058 nou
668 989 809 1058 curaret
832 990 868 1056 et
891 1005 956 1056 nos
980 987 1105 1058 iuuare
1138 1005 1207 1056 non
1232 985 1348 1068 vellet,
1378 987 1479 1058 illum
1503 991 1539 1058 et
1562 986 1641 1058 illos
1672 986 1718 1058 de
1741 990 1817 1057 tote
1840 1004 1997 1056 eommu-
2051 1023 2055 1032 ·

456 1101 564 1173 nitote
595 1097 697 1184 regni
729 1095 855 1165 eiicere
880 1093 1046 1166 uolumus
1077 1099 1113 1166 et
1143 1095 1384 1186 permittimus
1415 1093 1508 1165 bona
1541 1101 1578 1168 et
1607 1093 1823 1166 hereditates
1853 1093 1996 1164 illorum

456 1204 597 1282 destrui.
644 1201 685 1274 Iu
708 1203 811 1274 cuius
835 1205 887 1274 rei
910 1204 1155 1274 testimonium
1181 1201 1299 1291 sigilla
1322 1211 1454 1285 nostra,
1488 1209 1663 1274 lemarum
1687 1203 1997 1292 infrascriptarum

457 1313 606 1394 Polonie,
630 1307 800 1400 Guyauie,
825 1309 973 1396 Siradie,
1004 1311 1256 1394 lanciciensis,
1289 1309 1544 1399 Wyelunensis
1575 1316 1611 1382 et
1642 1310 1875 1382 Debrinensis
1899 1309 1997 1378 teni-

456 1438 626 1514 genarum
649 1417 876 1509 presentibus
900 1423 985 1490 sunt
1008 1417 1247 1509 subappenso.
1294 1419 1428 1488 Actum
1453 1423 1489 1490 et
1512 1419 1637 1490 datum
1666 1421 1702 1488 in
1727 1416 1915 1508 Pyotrkou
1939 1414 1997 1486 die
2122 1489 2127 1498 ,

457 1529 630 1602 dominico
654 1527 733 1617 ipso
757 1523 815 1597 die
838 1527 954 1598 sancti
979 1524 1070 1598 Gelli
1094 1525 1319 1616 contessoris,
1345 1545 1437 1597 anno
1460 1526 1605 1615 Domini
1628 1525 1673 1596 hi.
1699 1523 1820 1597 CCCC.
1845 1523 1916 1596 Vll.

614 1720 734 1796 Zhopii
753 1721 961 1797 praechoneuej
981 1740 1005 1780 ιι
1024 1721 1178 1780 archivum
1196 1721 1349 1793 medonem
1370 1740 1394 1780 ιι
1414 1723 1568 1794 Ροιιιιιιίιι,
1583 1722 1749 1798 (erchimuu
1764 1721 1846 1777 Breci
1859 1719 1997 1778 Caeslrieii

457 1836 481 1876 ιι
498 1812 633 1885 insuto.

456 2216 532 2290 115.
582 2211 680 2280 140⁷.
705 2206 763 2280 die
786 2210 841 2280 23.
867 2209 1001 2282 mensis
1026 2207 1198 2295 Octobris,
1222 2207 1431 2282 Poenaniae.

468 2380 471 2387 ¹
614 2405 783 2478 Nicolaus
826 2405 871 2478 de
913 2407 1127 2478 Wiersenice
1181 2406 1339 2499 capitulo
1381 2405 1577 2479 cathedrali
1614 2405 1848 2478 Posnaniensi
1887 2425 1999 2478 unam

458 2534 614 2589 mnsam
636 2533 795 2587 ennusm
817 2531 860 2586 ex
884 2513 1115 2607 proventibus
1139 2515 1245 2586 villae
1267 2517 1452 2586 Zolusowo
1474 2513 1514 2591 X
1534 2517 1664 2589 marcis
1688 2513 1820 2586 rendit.
1894 2607 1898 2618 .

614 2711 656 2784 ln
677 2714 823 2785 nomine
852 2711 997 2784 Domini
1030 2732 1146 2784 amen.
1193 2711 1267 2784 Nos
1301 2712 1504 2802 Boguslsus
1539 2713 1733 2785 canonicus
1764 2715 1801 2784 et
1829 2711 1998 2785 officialis

458 2821 708 2894 Pomaniensis
725 2820 914 2910 generalis,
938 2820 1105 2892 omnibus
1129 2823 1166 2892 et
1180 2821 1345 2910 singulis,
1370 2819 1500 2911 quibus
1517 2819 1669 2912 expedit,
1692 2839 1758 2912 per
1775 2819 1842 2891 hos
1857 2830 2000 2892 nostras

460 2929 577 3002 litores
600 2927 851 3019 significamus
880 2927 1102 3020 prolitentes,
1131 2926 1226 3018 quod
1250 2926 1296 3000 ad
1320 2932 1479 3000 nostram
1508 2930 1734 3021 presencium
1758 2947 1878 3000 coram
1901 2932 2000 3000 note·

460 3039 510 3108 rlo
531 3035 674 3130 publico
698 3043 735 3108 et
762 3035 915 3108 testibus
946 3035 1184 3129 infrascriptis
1215 3035 1344 3108 nobilis
1374 3035 1544 3108 Nicotaus
1573 3037 1613 3108 in
1638 3036 1879 3124 Wpercenieeo
1903 3041 1940 3107 et
1961 3039 2001 3108 in

458 3145 655 3216 Ζαῑιιιιοιιο
691 3143 801 3242 heres
827 3143 1011 3228 accedens,
1043 3143 1308 3216 venerabilibus
1344 3163 1387 3216 oc
1416 3143 1683 3216 honorabilibus
1712 3146 1811 3228 viris,
1845 3142 2000 3216 dominis

459 3252 632 3324 rniuersis
663 3253 810 3346 prelatis
842 3256 878 3324 et
909 3254 1090 3325 canonicis
1120 3255 1256 3343 totique
1287 3253 1443 3344 capitulo
1473 3252 1622 3324 ecclesie
1652 3249 1906 3324 Pomaniensls
1935 3271 2000 3345 pro

460 3355 581 3432 decem
603 3363 735 3432 marcis
758 3379 966 3451 grossorum
995 3359 1152 3432 latorum
1175 3365 1317 3432 monete
1339 3359 1531 3451 Pregensis
1554 3363 1592 3431 et
1613 3361 1754 3431 numeri
1777 3358 2000 3445 Polonicalis,

461 3465 694 3559 quadraginta
715 3472 795 3539 octo
819 3487 963 3558 grossos
979 3470 1017 3540 in
1032 3468 1229 3558 quamlibet
1244 3488 1404 3540 marcam
1420 3466 1670 3560 computando,
1694 3469 1731 3540 in
1757 3458 1853 3540 dictu
1875 3469 2002 3540 Zetes·

458 3579 584 3663 ιοωοῑ)
614 3575 812 3648 nondun
853 3597 920 3648 sua
951 3596 1062 3650 vnorn
1097 3595 1257 3649 mercum
1294 3576 1448 3648 latonrm
1482 3577 1690 3668 grossorum
1725 3577 1835 3648 ennut
1868 3595 2000 3648 census

462 3687 598 3756 monete
621 3688 658 3757 et
679 3685 819 3757 numeri
843 3687 1009 3777 superius
1033 3682 1304 3777 descriptorum,
1328 3703 1400 3756 non
1424 3683 1641 3776 compulsus,
1664 3703 1738 3759 non
1754 3675 1909 3768 coactus,
1934 3704 2002 3756 nec

462 3787 575 3879 aliquo
598 3790 678 3864 dolo
702 3793 982 3877 circumuentus,
1011 3791 1077 3864 sed
1108 3790 1153 3863 de
1184 3794 1297 3884 ipsius
1326 3793 1470 3884 propria
1492 3795 1529 3862 et
1557 3789 1669 3862 libera
1691 3790 1886 3876 voluntate,
1917 3795 2002 3864 sim·

462 3895 596 3985 qliciter
618 3903 656 3971 et
676 3899 794 3992 plane,
826 3899 927 3972 nulla
948 3919 1140 3972 vernorum
1164 3899 1325 3972 adhibita
1347 3900 1536 3992 pronitate,
1567 3898 1735 3972 omnibus
1764 3899 1941 3990 legalibus
1966 3905 2003 3972 et

461 4002 546 4076 luris
568 4006 841 4100 excepcionibus
864 4027 907 4079 ac
931 4007 1103 4080 clausulis
1118 4009 1156 4080 in
1172 4007 1391 4080 censurium
1409 4007 1525 4091 editis,
1549 4006 1835 4097 quibuscumque
1856 4009 2001 4101 penitus
2139 4017 2145 4025 '

462 4111 608 4186 seclusis
631 4117 668 4187 et
690 4133 762 4187 non
786 4114 1024 4198 obstantibus
1048 4118 1143 4187 lusto
1167 4113 1387 4187 vendicionis
1411 4115 1515 4187 titulo
1537 4118 1710 4208 perpetuo
1733 4114 1905 4200 uendidit,
1929 4119 2002 4188 sin·

464 4217 556 4306 gulis
578 4223 683 4294 annis
712 4225 751 4295 in
785 4222 879 4296 testo
911 4222 1008 4296 beati
1040 4221 1225 4296 Michaelis
1260 4223 1466 4313 archangeli
1500 4221 1708 4307 tollendum,
1737 4222 1932 4296 leuandum
1966 4231 2003 4297 et

463 4327 683 4417 exigendum,
707 4331 758 4402 ita
781 4333 913 4417 brnen,
938 4330 1034 4421 quod
1057 4330 1239 4424 predictus
1263 4331 1393 4404 nobilis
1416 4329 1584 4403 Nicolaus
1609 4349 1652 4402 ec
1674 4331 1857 4416 scoltetus,
1881 4330 2002 4404 vlada·

464 4433 534 4506 rius
556 4455 751 4528 omnesque
780 4443 817 4510 et
847 4439 980 4530 singuli
1009 4438 1224 4512 kmethoues
1254 4440 1293 4512 in
1322 4441 1523 4510 thossowo
1553 4436 1687 4510 ibidem
1718 4443 1755 4511 et
1784 4441 2002 4531 quicumque

463 4555 683 4618 successores
706 4545 765 4618 uel
787 4565 1012 4638 possessores
1036 4567 1080 4618 ac
1102 4551 1349 4640 procuratores
1379 4544 1587 4618 hereditatis
1618 4549 1821 4620 Zotassoroo
1855 4601 1862 4618 .
1889 4602 1897 4618 .
1923 4600 1932 4619 .
1958 4589 2002 4620 .·.

374 4733 378 4740 ,
463 4644 506 4717 ad
528 4647 662 4724 dictum
687 4655 890 4737 terminum,
913 4653 1082 4726 videlieet
1105 4653 1152 4726 ed
1175 4653 1309 4726 testum
1332 4655 1449 4726 sancti
1472 4651 1655 4725 Michaelis
1679 4654 1815 4726 dictam
1838 4675 1999 4728 mercem

464 4763 599 4831 monete
622 4765 660 4832 et
681 4763 821 4834 nrrmeri
843 4764 1008 4854 superius
1026 4761 1285 4854 descriptonrm
1309 4764 1388 4834 siue
1407 4763 1504 4834 omni
1522 4760 1643 4851 ligure
1659 4765 1695 4834 et
1708 4765 1861 4856 strepitu
1885 4766 2003 4835 cuius·
2066 4763 2073 4776 '

464 4875 612 4958 eumque
633 4865 756 4959 iudictj
782 4869 921 4940 soluere
945 4867 1077 4940 debent
1100 4874 1137 4941 et
1159 4874 1326 4956 tenentur
1348 4873 1519 4962 perpetuo
1543 4869 1611 4941 sub
1634 4872 1738 4962 penis
1762 4874 2002 4946 excommuni-

465 4971 614 5048 nerone
637 4980 676 5048 et
696 4975 876 5048 interdicti
899 4979 1176 5062 sentenciarum,
1199 4996 1351 5069 pernes
1375 4983 1411 5048 et
1430 4995 1656 5049 successores
1672 4983 1815 5050 nosnos
1834 4983 1898 5052 aut
1913 4979 2002 5052 allos
2135 5001 2139 5008 ·
2225 4961 2228 4968 ’

464 5073 634 5156 oliiclales
676 5089 714 5156 et
749 5081 947 5157 ordinarios
984 5087 1023 5156 in
1058 5083 1204 5158 eosdem
1238 5085 1477 5170 ferendarum,
1513 5087 1659 5168 tociens,
1697 5089 1869 5176 quociens
1902 5090 2002 5180 ipsos

466 5187 686 5264 ssolucione
709 5189 804 5264 dlctc
828 5211 948 5266 merce
971 5212 1102 5264 census
1127 5195 1237 5264 enuui
1260 5192 1416 5264 deiicere
1440 5193 1671 5283 contingeret
1695 5193 1826 5284 quibus
1840 5197 2002 5286 seipsum

466 5303 655 5390 omnesque
679 5302 715 5372 et
729 5299 891 5390 singulos
906 5299 1086 5386 sceltetos,
1109 5299 1309 5384 nlodarios,
1332 5298 1556 5383 kmetbones,
1580 5300 1760 5388 legitimos
1775 5320 2002 5374 successores

466 5399 500 5466 Ol
520 5419 763 5500 quoscumpue
792 5411 1040 5500 procuratores
1065 5408 1149 5482 ville
1172 5411 1373 5480 Zotossouo
1403 5406 1630 5501 presentibus
1654 5407 1831 5482 submisit.
1877 5405 2003 5480 Edam
