4714 6364
20 687 121 769 riuus
144 705 280 812 Niceten,

21 797 55 894 18,
75 823 274 924 Sentium

20 913 133 988 ‘mmo
150 943 276 1030 norrun„

24 1019 128 1093 millo
152 1034 273 1123 ΠΛΛΛΛΛ

20 1127 123 1221 illlclj
107 1145 247 1224 ΛΛΛΛΛΛΛ
221 1185 274 1247 Λ

29 1243 255 1360 sentencijs.
242 1301 264 1336 Λ,

54 1671 96 1735 et
133 1677 267 1776 temptes

20 1773 83 1842 itis
108 1787 263 1874 prelatum
345 1789 355 1824 ²
429 1849 455 1904 ,ΛΛ

20 1897 111 1952 ores
135 1909 175 1962 ae
195 1920 263 1974 ΛΛΛΛΛ.
342 1834 440 1970 i
429 1939 464 2012 ,Λ

20 2005 161 2067 ⁸⁵⁰1'Um
188 2005 262 2086 bom

46 2116 259 2194 presencium

20 2209 177 2284 nonium
197 2241 258 2312 pu.

20 2311 123 2386 lmUS
146 2341 257 2416 appan.

20 2419 40 2488 u'
81 2427 255 2510 millesima

20 2529 81 2598 sis
102 2533 253 2626 Augusti,

20 2638 114 2708 mini
144 2642 252 2721 Iohan-

20 2761 41 2812 Λ.
69 2744 145 2818 ΗΠ.

20 3031 155 3105 outalmj
177 3045 244 3112 gnta

20 3123 195 3199 animm
211 3149 242 3188 m

20 3749 80 3832 tis,
122 3759 229 3822 ratam

20 4055 111 4106 nm.
162 4035 226 4106 No<

20 4135 224 4230 Wilczpuc.

45 4247 102 4320 de
134 4269 224 4319 unna

20 4377 45 4428 e
86 4353 221 4431 testum

20 4469 77 4546 ta,
119 4461 220 4532 nobis

20 4575 87 4641 lus
113 4569 247 4642 licui.

20 4681 51 4762 i,
90 4675 215 4748 buim-
248 4723 253 4733 .

20 4886 210 4982 generali.

20 4999 209 5086 lopecino·

20 5109 206 5181 umnam

20 5209 202 5302 suppuru'

20 5343 41 5390 s
71 5329 201 5387 saturo

20 5429 135 5496 eimo
165 5421 202 5488 io

1864 519 1949 612 'eoa
2056 634 2061 642 .
2169 539 2173 548 ·

437 763 537 852 (ΛΛΛΛΛΛ
565 739 796 842 presidentes,
831 743 1040 832 promptum
1071 739 1223 811 lamulat
1209 742 1296 810 tum.
1344 739 1496 810 Sincerit
1497 740 1547 810 ati
1575 742 1657 810 vest
1656 759 1694 810 re
1723 737 1949 831 presentibus

435 866 665 956 molliremus,
689 845 865 938 quomodo
889 849 1037 918 aculeus
1061 847 1235 918 Martinus
1255 847 1497 918 ministerialis
1513 849 1754 937 rocognouit
1743 866 1782 918 ur
1805 845 1948 930 iudicio,

435 969 659 1058 mitacionom
674 955 750 1026 lore
767 955 841 1026 lact
827 958 901 1026 tam
925 959 961 1026 et
983 976 1025 1024 ex
1044 974 1128 1027 vero
1152 957 1189 1032 et
1211 956 1305 1026 iusto
1330 953 1461 1027 iudicio
1484 975 1548 1046 per
1571 954 1756 1026 domiuum
1782 953 1950 1026 abbatem

441 1169 1011 1265 tmrmsrtndr·'eam,01istinum
1036 1174 1073 1242 et
1094 1170 1280 1242 Nicolaum
1304 1169 1453 1242 heredes
1477 1170 1522 1243 de
1543 1174 1702 1260 Repetam
1726 1173 1819 1242 iuter
1833 1169 1949 1254 villas,

433 1311 501 1370 arta
520 1280 722 1362 Swoeatmlo
731 1281 754 1364 ¹)
786 1276 922 1350 domini
945 1277 1084 1350 abbatis
1115 1283 1151 1350 et
1182 1283 1380 1350 conuentus
1411 1281 1536 1370 ipsius,
1569 1283 1605 1351 ot
1634 1281 1816 1368 Rapowo)
1864 1277 1950 1349 hero

432 1414 501 1482 ,ΛΛΛΛ
537 1387 670 1488 predict
670 1405 782 1458 orum
829 1384 887 1457 Ad
930 1407 1039 1477 quam
1080 1384 1225 1477 quidem
1262 1386 1518 1458 limitaoionern
1555 1387 1701 1458 fuerunt
1686 1386 1948 1478 tspecialiter

433 1507 529 1629 ,apati
546 1495 678 1572 strenui
704 1513 747 1564 ac
776 1493 913 1566 nobiles
950 1493 1084 1565 domiui
1118 1493 1267 1564 lohanes
1304 1493 1348 1564 de
1378 1497 1578 1565 Krolilcowo
1609 1493 1825 1564 castellanus
1859 1491 1949 1565 Gne·

431 1612 564 1690 nensis:
591 1601 847 1691 Dobrogostius
882 1600 928 1672 de
962 1604 1165 1672 Morzelewo
1198 1607 1234 1672 ot
1262 1601 1414 1672 lliohael
1449 1601 1578 1674 Barski
1601 1622 1644 1672 ex
1675 1605 1777 1693 parte
1813 1600 1949 1672 domini

431 1720 563 1798 ΛΛΛΛΛΛΛΛ
592 1731 634 1782 ex
656 1711 740 1780 vero
769 1707 942 1781 heredum
973 1708 1017 1780 de
1041 1711 1188 1798 Rapowo
1212 1708 1349 1780 nobiles
1373 1708 1541 1782 Nicotaus
1572 1708 1616 1780 de
1639 1709 1766 1780 Minori
1790 1710 1948 1781 Slowslco

349 961 375 1246 ἰ
433 1099 466 1165 ΛΛ
497 1073 616 1152 inodo
649 1067 686 1136 et
719 1083 827 1134 suum
860 1067 1087 1148 conuentum,
1127 1065 1400 1152 aequisitomet
1385 1063 1597 1134 tlucrotam
1632 1082 1741 1155 super
1771 1061 1949 1136 nobilibus

348 1263 362 1410 Λ
432 1337 447 1400 Λ

475 1816 711 1915 spalatino
737 1816 910 1888 limitocio
942 1818 1068 1908 incipit
1092 1835 1114 1887 a
1137 1816 1290 1887 decursu
1322 1836 1414 1907 aque
1437 1818 1617 1907 wlgariter
1646 1819 1812 1904 Bpsrraec
1834 1811 1968 1907 vsque'

480 1929 625 2006 insulam
643 1926 899 2008 Dombrotoico,
923 1926 960 1996 et
982 1925 1027 1994 ab
1050 1925 1169 1996 insula
1191 1927 1439 1996 Durobrowico
1460 1923 1638 2017 usquead
1659 1927 1828 2012 Zimnepo
1852 1925 1948 2006 dolo,

429 2045 582 2124 ΛΖΛΛΛΛΛΛ
604 2037 662 2105 dol
683 2052 797 2123 usque
821 2031 868 2103 ad
890 2031 1048 2104 insulam
1070 2035 1254 2104 Kleczislco
1277 2037 1313 2104 et
1337 2032 1382 2104 ab
1397 2035 1468 2104 ista
1483 2033 1602 2104 insula
1620 2035 1813 2121 Klecepsko
1834 2050 1951 2122 osque

428 2151 464 2223 ΛΛΛ
484 2149 619 2241 pratum
641 2139 778 2212 dictum
799 2143 955 2228 Popowo
978 2143 1099 2224 lanta,
1130 2139 1224 2232 quod
1248 2144 1391 2233 pratum
1416 2141 1509 2212 iacet
1530 2143 1569 2212 in
1591 2139 1790 2212 hereditate
1813 2137 1950 2210 domini

429 2255 551 2330 atriolis
572 2254 607 2322 et
630 2249 707 2319 eius
723 2251 923 2320 conuentus
936 2249 1155 2332 sonulani,
1179 2252 1215 2320 et
1239 2269 1261 2320 a
1282 2251 1438 2336 Popoeoo
1458 2253 1570 2321 zanua
1585 2269 1699 2340 vsqua
1723 2245 1770 2319 ad
1792 2247 1950 2318 insulam

429 2369 555 2442 Zboznc,
577 2360 664 2449 puta
686 2357 832 2440 esaon,
856 2361 892 2428 et
915 2356 960 2428 ab
982 2357 1102 2428 insula
1125 2359 1262 2427 Zbozoc
1284 2376 1400 2448 usque
1423 2355 1469 2428 ad
1491 2357 1648 2428 insulam
1671 2357 1890 2438 Posieoeoilc,
1914 2359 1950 2425 et

428 2466 657 2542 aPosieceoilc
680 2468 775 2534 reete
799 2463 1016 2536 transeundo
1046 2483 1110 2557 per
1138 2465 1269 2536 siluam
1293 2459 1427 2536 dietam
1457 2467 1669 2536 Roztocznilc
1692 2465 1781 2535 alias
1803 2464 1951 2534 Roatoki

429 2595 523 2666 esque
546 2571 590 2644 ad
613 2572 799 2643 matricem
832 2571 937 2662 iluuij
975 2591 1077 2662 aque,
1106 2571 1287 2661 wlgariter
1315 2575 1360 2642 do
1393 2574 1524 2643 comice
1556 2591 1666 2664 propa
1704 2568 1950 2643 molendinum

427 2685 545 2754 dictum
576 2682 730 2768 Popoeop
760 2683 871 2767 mlpn.
917 2677 963 2750 Et
990 2679 1057 2751 hec
1088 2679 1258 2751 limitacio
1295 2673 1471 2772 completa
1509 2685 1565 2750 est
1599 2698 1683 2751 cum
1721 2679 1949 2771 scopulorum

428 2787 617 2862 notabilium
640 2785 854 2858 lundacione
878 2790 914 2860 et
936 2789 1120 2859 creceione
1144 2808 1187 2860 ex
1209 2791 1359 2879 utraque
1382 2791 1483 2880 parte
1505 2787 1635 2858 lacta“.

567 2893 640 2966 Nos
674 2896 796 2986 ltaque
830 2893 1011 2967 Inoussius
1042 2894 1156 2967 laklra
1188 2894 1294 2967 ludex
1324 2895 1496 2987 prefatus,
1528 2897 1609 2967 visa
1636 2895 1742 2966 litera
1768 2898 1805 2965 et
1839 2911 1951 2964 causa

427 3005 569 3096 parcium
590 3001 842 3094 predictarum,
876 3003 1038 3076 volentes
1062 3004 1182 3075 iacere
1214 3001 1361 3076 cuilibet
1392 3004 1534 3074 iusticie
1569 3001 1882 3095 complementum,
1910 3003 1951 3072 vt

425 3123 570 3182 uremur
591 3111 679 3182 iuris
703 3109 896 3196 exterma
920 3111 1037 3183 solum
1060 3111 1179 3183 Deum
1209 3115 1292 3182 ante
1316 3109 1438 3182 oculos
1467 3109 1651 3194 habentes,
1680 3111 1799 3202 ipsam
1822 3109 1949 3182 contir-

428 3219 588 3290 naolmus
611 3221 647 3289 et
668 3219 896 3310 presentibus
920 3219 1134 3309 generaliter
1157 3217 1203 3290 ad
1226 3223 1400 3310 perpetua
1430 3221 1591 3310 tempora
1621 3217 1890 3318 contumacius,
1914 3221 1951 3288 et

425 3324 516 3395 dictis
537 3323 738 3410 heredibus,
767 3325 935 3398 videlicet
957 3325 1111 3412 Andros,
1136 3325 1289 3398 Cristlno
1313 3329 1349 3396 et
1370 3324 1528 3410 Nicolao,
1559 3329 1595 3398 et
1619 3327 1680 3416 qui
1702 3344 1766 3418 pro
1790 3330 1950 3418 tempore

279 3449 283 3458 ·
427 3429 544 3504 tuerint
577 3431 710 3504 ibidem
743 3433 787 3505 de
816 3435 976 3524 Rapowo,
1013 3439 1228 3526 perpetuum
1266 3433 1456 3505 silencium
1495 3432 1662 3504 duximus
1691 3432 1950 3526 imponendum

425 3537 659 3612 tlmitacionem
689 3560 754 3633 per
785 3541 946 3614 eandem.
992 3542 1033 3612 ln
1067 3542 1175 3613 huius
1204 3545 1256 3614 rai
1289 3542 1535 3613 testimonium
1558 3544 1722 3612 nostrum
1756 3545 1793 3611 et
1819 3539 1948 3612 nobilis

426 3643 611 3718 llodzanthe
645 3646 691 3720 de
725 3649 914 3738 Golopowo
946 3649 1144 3722 subindicis
1180 3648 1405 3722 Calisslensis
1440 3648 1560 3738 sigilla
1585 3651 1629 3736 in
1671 3648 1779 3719 robur
1806 3646 1949 3718 ilrmius

425 3754 631 3840 presentibus
655 3761 741 3828 sunt
764 3776 932 3849 appensa.
980 3759 1113 3829 Actum
1136 3760 1173 3829 ol
1196 3755 1321 3832 datum
1345 3776 1448 3842 anno,
1474 3755 1531 3828 die
1555 3761 1591 3827 ot
1611 3755 1699 3839 loco,
1722 3751 1950 3848 presentibus

423 3858 538 3946 artubus
560 3883 678 3956 supra.
726 3863 906 3957 Scriptum
928 3884 993 3958 per
1016 3885 1145 3938 manus
1168 3863 1306 3938 Nicolai
1329 3863 1609 3938 doemonem
1631 3863 1774 3954 notarii
1798 3863 1860 3954 qui
1882 3860 1951 3961 hee

425 3961 536 4040 babuit
556 3972 702 4064 speciali
725 3975 763 4044 ln
786 3974 988 4045 commisso.

568 4148 661 4209 enta
678 4151 890 4226 privilegiorum
909 4151 1072 4224 monaterii
1092 4149 1250 4210 Lentiensis
1269 4157 1318 4209 str.
1336 4153 1381 4212 ΒΛ

421 4307 943 4476 Μῆῗῆὶῐηόνπίύμηί.ἷ
960 4331 1075 4420 wporv.
1095 4311 1273 4383 konirlslrinm
1291 4279 1953 4426 nleSacoqtmbc'dzirivsnoiedstrrieRegon

422 4788 491 4863 Μ.
535 4757 631 4890 sua
655 4799 714 4873 die
737 4807 791 4873 22.
816 4803 951 4874 mensis
974 4799 1198 4886 Novembris,
1222 4803 1260 4874 in
1282 4804 1476 4892 Biepzpltn.
1596 4901 1602 4916 ¹

568 4977 717 5053 Iocussii
750 4979 863 5054 lekka
897 4980 941 5053 de
966 4984 1149 5069 wesema
1179 4980 1308 5052 iudicis
1341 4979 1566 5054 Culissiensis
1590 4979 1784 5066 decretum,
1819 4927 1952 5054 Dobro·

420 5081 535 5262 mini&
557 5085 788 5270 Λὲῶτὲἓξξοηὶ
821 5093 858 5160 et
879 5088 1025 5162 Nicolao
1058 5087 1103 5160 do
1132 5089 1337 5160 Morzetewo
1372 5087 1615 5160 miedietetem
1644 5088 1751 5161 villas
1775 5090 1954 5182 sauman-
2009 5168 2013 5176 ,

567 5373 607 5446 lt
651 5376 833 5450 loeusslus
867 5376 971 5450 Iacca
1001 5375 1108 5450 ludex
1138 5377 1366 5452 Calissiensis
1398 5377 1575 5468 generalis
1607 5380 1644 5450 et
1673 5376 1778 5448 heres
1804 5377 1844 5448 ln
1869 5377 1953 5448 Wil-

419 5468 523 5562 Ql'oe,
545 5480 583 5552 ln
605 5480 712 5557 domo
734 5505 802 5558 sua
824 5485 863 5557 ln
885 5486 1117 5575 ΒΛΛΛΛΛΛΛΛΛ,Ι
1108 5506 1147 5558 ru
1170 5485 1230 5558 dle
1253 5507 1282 5560 s
1308 5485 1438 5566 Coclite
1461 5487 1615 5580 oglasna,
1639 5488 1679 5558 lo
1695 5505 1759 5557 mu
1774 5483 1953 5610 praedata·

1736 5609 1788 5676 26·
