4706 6356
18 565 99 680 quitur,
118 580 191 660 ordi·

18 695 100 766 olibet
118 715 191 794 annq
272 778 277 784 ,

34 822 79 872 nos
98 807 126 872 ct
143 825 192 879 no.

18 908 191 988 'ordinatores

18 1037 46 1088 uc
71 1016 192 1094 subiecti

18 1129 104 1194 ratrror
122 1131 192 1200 nunt·

18 1233 75 1300 ricti
101 1231 192 1308 libore

18 1341 120 1427 inqua
139 1363 193 1432 per

18 1447 110 1530 ictum,
134 1447 191 1522 dis·

18 1557 192 1644 reparatione

18 1659 87 1730 idom
114 1683 192 1752 aquo

18 1787 96 1858 prum
117 1769 191 1844 dicti

18 1893 54 1944 cnr
80 1880 191 1966 stagno

18 1985 44 2052 o
62 1981 191 2058 durante

18 2089 192 2166 molimenta

18 2197 191 2272 claudinum

38 2307 190 2394 procedet.

18 2399 119 2484 domm
139 2417 191 2487 uei

18 2539 67 2590 um
96 2523 191 2595 nobis
219 2607 222 2614 ,

18 2631 197 2718 opmretur,

18 2737 98 2806 inum
119 2759 189 2829 pro

18 2839 135 2934 iateque
157 2855 191 2917 et

18 2953 189 3024 emulatus

18 3069 188 3132 neuenmt.

18 3173 189 3238 conuentus

18 3277 90 3345 onio
114 3296 189 3366 pre·
262 3271 264 3276 ’

18 3382 189 3452 iseeunda
322 3459 331 3476 ⁶

18 3489 25 3530 '
58 3497 187 3578 quarto.

18 3597 188 3668 roconsule

18 3701 187 3796 rubpriore,

18 3923 100 3990 uenti
129 3919 186 3990 dic

18 4025 108 4098 nidus
131 4029 188 4098 uir

18 4149 50 4202 oo
76 4139 184 4234 situm

18 4241 185 4335 ibuspro
286 4293 290 4300 ·

18 4345 53 4419 ils
81 4352 183 4420 viris:

18 4477 52 4540 n,
74 4457 184 4530 nobili
234 4459 237 4463 '

41 4565 184 4636 Andrca

1653 325 1659 336 ’
1764 467 1766 471 .
1890 357 1934 436 to

398 591 448 663 aa
495 579 592 678 14⁰4.-
616 573 676 648 aia
698 577 752 648 eo.
778 575 912 647 mensa
935 569 1064 656 marcu,
1088 574 1126 644 m
1148 549 1307 685 scema.

554 773 692 846 Nicolai
723 771 980 866 archicpiscopi
1005 718 1224 844 Gncsnonsis
1256 768 1303 839 ad
1331 767 1518 838 Nicolaum
1542 765 1780 836 Strucssconls
1804 761 1940 832 oliicia·

400 895 468 966 lem
491 883 735 958 Gncsncnscm
759 882 897 952 litterae
920 880 965 951 de
988 877 1175 951 interdicto
1198 879 1236 948 in
1260 875 1389 968 oppido
1412 875 1642 944 Pobiedeislrc
1664 869 1849 944 servando.

556 1079 596 1152 R.
617 1078 764 1170 blilroiaj
792 1076 1008 1168 arcybiskup
1033 1073 1278 1164 gnieinleriski
1303 1073 1427 1144 donosi
1451 1071 1666 1160 biikolqjowi
1697 1067 1942 1140 Struesnkoui·

403 1191 506 1270 czou'i
529 1187 729 1278 osrcyaiowi
752 1184 1096 1276 gnieinicriskicmu,
1120 1185 1159 1254 ic
1183 1202 1230 1252 no
1253 1179 1414 1254 uniosck
1437 1179 1686 1267 szlachetnogo
1704 1176 1831 1248 llobka
1853 1195 1945 1245 una

403 1318 491 1390 nego
514 1295 646 1378 Cubile,
670 1299 827 1384 starosty
849 1285 1148 1386 pobiedziskicgo,
1179 1289 1258 1361 krol
1281 1287 1493 1378 oswiadozyi
1523 1288 1698 1378 iyczcnic,
1730 1285 1809 1374 iiby
1839 1285 1944 1354 intur·
2039 1345 2042 1350 .

405 1407 490 1500 dykt
513 1423 665 1492 raueony
687 1422 736 1473 na
759 1404 887 1472 miasto
910 1402 1140 1470 Pobiedeislco
1156 1403 1180 1486 ¹)
1205 1400 1246 1468 ad
1269 1394 1313 1467 do
1337 1394 1529 1488 przybycia
1546 1392 1805 1482 k1·olcwskicgo
1829 1391 1951 1462 tomic

403 1513 511 1590 uostai
537 1513 768 1600 unwieszony.
816 1507 895 1598 Gdy
919 1505 1135 1598 arcybisirup
1160 1509 1217 1576 nie
1241 1507 1319 1588 wie,
1349 1525 1412 1595 czy
1435 1502 1619 1594 interdykt
1641 1506 1703 1572 ten
1725 1521 1744 1570 z
1766 1519 1945 1590 rozporzq·

406 1623 527 1698 menia
549 1617 703 1708 oiicyala
726 1637 789 1708 cup
811 1619 867 1688 tei
887 1614 1075 1688 uroakuzu
1091 1615 1238 1705 papieia
1252 1612 1365 1684 zostai
1381 1613 1582 1710 ogioszouy,
1606 1608 1796 1698 rozkazuje
1819 1613 1946 1689 catoni,

406 1733 472 1820 uby
501 1747 536 1798 w
564 1727 778 1818 picrwsaym
807 1723 989 1816 wypadku
1024 1720 1168 1812 tairotvy
1203 1723 1243 1792 ui
1278 1718 1323 1791 do
1357 1719 1548 1812 prnybycia
1589 1718 1691 1788 imola
1726 1715 1947 1802 uawieszouy

325 1881 328 1888 .
405 1835 523 1920 costel,
552 1853 587 1904 w
618 1833 760 1923 drugim
792 1835 852 1903 aad
882 1829 1074 1922 rnypadku,
1107 1831 1138 1900 ii
1168 1832 1226 1900 nic
1256 1829 1408 1900 amienic
1438 1829 1496 1899 nie
1526 1829 1636 1913 mpio.
1684 1823 1835 1914 Syradia
1858 1821 1949 1892 feria

407 1947 529 2036 quinta
550 1947 633 2036 post
655 1940 872 2014 dominicam
895 1939 1027 2011 ludica.

566 2156 723 2214 Arabicum
742 2156 900 2214 comistorii
918 2153 1165 2230 archiepiscopalis
1184 2115 1368 2222 (lucanensis,
1386 2157 1450 2208 scta
1468 2149 1505 2210 sd
1523 2169 1549 2208 ι
1569 2149 1757 2209 riou-1405.

568 2337 590 2410 ¹)
608 2336 789 2394 Ροὸίοᾰιὼὶπ
807 2337 909 2394 minoto
926 2353 951 2393 ar
969 2352 1040 2410 porr.
1057 2299 1222 2392 smedzkim.

414 2738 466 2807 48.
513 2735 610 2805 1404.
634 2732 694 2805 die
715 2737 771 2805 31.
796 2733 930 2804 mensis
952 2731 1082 2818 Martii,
1106 2729 1304 2810 Lanciciae.

573 2948 792 3022 wladislaus
815 2949 854 3020 11.
885 2968 947 3019 rex
976 2948 1142 3020 Poloniae
1172 2948 1489 3024 commutationem
1518 2947 1626 3018 villae
1654 2948 1842 3033 Prqdzewo
1869 2943 1956 3018 villa

416 3059 651 3130 &macomus
674 3078 697 3129 a
717 3057 863 3129 lascone
886 3057 931 3128 dc
953 3059 1142 3143 Prqdzcwo
1172 3052 1256 3126 cum
1284 3055 1431 3127 Nicolao
1461 3053 1736 3148 archiepiscopo,
1752 3053 1953 3126 Gnesnonsi

416 3165 557 3250 iactam,
579 3169 696 3238 ratam
720 3185 800 3237 esso
822 3165 930 3237 iubet.
1317 3179 1322 3188 ’
1506 3182 1511 3192 ·

574 3379 794 3453 wladislaus
823 3380 891 3452 Dei
914 3381 1037 3470 gracia
1065 3399 1129 3450 rex
1158 3379 1311 3464 Polonie,
1341 3377 1622 3470 Lytbwanieque
1645 3376 1812 3472 p’rinceps
1836 3399 1958 3471 supre-

419 3505 497 3560 mus
520 3491 556 3560 ct
577 3488 681 3561 bores
704 3489 832 3560 Russic
860 3491 927 3561 etc.
958 3487 1208 3578 significamus
1238 3491 1360 3560 tenore
1389 3489 1616 3581 presencium
1645 3489 1834 3572 uniuersis,
1864 3487 1959 3578 quod

419 3594 535 3668 oblata
563 3595 666 3670 nobis
700 3615 764 3689 pro
793 3599 895 3689 parte
928 3595 1218 3667 reuerendissimi
1253 3597 1292 3666 in
1326 3595 1466 3668 Christo
1494 3598 1618 3688 patris,
1652 3595 1786 3667 domini
1820 3593 1956 3686 Nicoiaj

420 3702 673 3797 archiepiscopi
697 3703 924 3789 Gncznensis,
952 3702 1056 3776 nobis
1079 3705 1218 3778 sincere
1241 3702 1373 3788 dilecti,
1396 3706 1526 3796 peticio
1543 3703 1758 3788 continebat,
1782 3708 1960 3794 quatenos
1987 3756 1995 3767 .

420 3807 558 3884 literam
585 3812 852 3905 inirascriptam
879 3814 1042 3884 strennui
1074 3810 1243 3883 Iohannis
1279 3809 1324 3883 de
1354 3813 1588 3896 Oleacboac'cea,
1627 3815 1805 3905 capitanci
1837 3811 1961 3883 Lanei-

422 3919 559 4004 ciensis,
591 3921 715 3993 militis
738 3921 850 3992 nostri
872 3919 991 3992 fidelis
1016 3918 1146 4004 dllecti,
1180 3915 1386 4012 approbare,
1417 3920 1599 3991 ratificare
1630 3923 1667 3990 et
1696 3939 1779 3992 eum
1808 3921 1962 4012 interpo-

422 4025 552 4099 sicione
580 4029 694 4100 nostri
723 4027 856 4100 decreti
886 4026 931 4100 de
959 4031 1082 4100 innata
1112 4026 1215 4126 nobis
1250 4027 1483 4119 benignitatis
1519 4027 1714 4099 clemencia
1748 4028 1962 4100 confirmare

423 4130 648 4222 dignaremur
669 4136 887 4227 gloriosotsl.
935 4133 1044 4208 Curius
1068 4134 1216 4226 quidem
1238 4136 1340 4208 litere
1363 4139 1465 4208 tenor
1487 4137 1651 4227 sequitur
1673 4141 1711 4208 et
1733 4141 1789 4208 est
1810 4136 1909 4210 talis:

582 4242 675 4330 ,Nos
704 4242 878 4317 Iohannes
909 4243 954 4316 dc
983 4245 1207 4316 Oteecboicza
1234 4244 1400 4316 tribunus
1415 4242 1657 4316 'dublinensis
1687 4248 1725 4316 ot
1754 4247 1962 4338 capitaneus

312 4427 313 4430 ,
424 4343 669 4437 bmcicieusis,
694 4351 953 4442 significamus,
983 4350 1114 4442 quibus
1138 4351 1297 4443 expedit·
1321 4357 1397 4423 tam
1421 4351 1657 4443 presentibus,
1688 4372 1798 4443 quam
1819 4351 1962 4438 futuris,

425 4460 588 4532 noticiam
616 4463 843 4552 presencium
874 4459 1063 4545 habituris,
1098 4461 1287 4545 uniuersis,
1322 4457 1418 4550 quod
1449 4461 1487 4530 in
1517 4465 1641 4530 nostra
1670 4460 1979 4552 multommtque).

426 4565 592 4639 nobilium
616 4570 830 4640 constitutus
858 4571 1043 4660 presencia
1065 4567 1194 4639 nobilis
1217 4566 1362 4639 Ioscbco
1386 4566 1431 4638 dc
1453 4569 1679 4660 Prondzeroo,
1711 4579 1825 4639 sanus
1845 4574 1964 4640 monto

426 4674 459 4742 ot
481 4693 634 4769 corpore,
658 4678 839 4768 animique
854 4679 911 4748 sui
925 4675 1020 4748 bona
1043 4697 1126 4748 cum
1151 4674 1411 4748 deliberacione
1435 4696 1477 4746 ac
1501 4679 1641 4747 maturo
1665 4677 1862 4748 amicorum
1886 4697 1966 4748 con·

426 4779 728 4877 sruopreuabito,
763 4784 887 4856 viliam
920 4805 1024 4856 suam
1054 4783 1188 4856 dictam
1218 4786 1482 4871 Prondaewob,
1519 4785 1614 4854 circa
1643 4782 1799 4856 fluuium
1829 4784 1966 4857 dictum

426 4885 564 4963 Braurc
593 4895 629 4964 et
654 4891 804 4985 paludes
833 4895 1020 4976 iacentem,
1052 4911 1136 4964 cum
1165 4890 1331 4963 omnibus
1361 4890 1519 4984 predicte
1548 4891 1633 4962 viiie
1663 4910 1728 4962 seu
1757 4890 1966 4964 hereditatis

409 4998 661 5093 -pertiucnctjs,
682 4999 849 5072 videlicet
864 5003 970 5091 agris,
994 5003 1117 5093 pratis,
1141 5003 1296 5093 pascuis,
1320 5000 1433 5084 siluis,
1457 5001 1562 5090 golja,
1586 5002 1740 5085 mericis,
1764 4999 1966 5093 paludibus,

429 5107 527 5192 aquis
558 5111 595 5180 at
628 5127 751 5182 earum
784 5107 992 5180 decursibus
1027 5108 1194 5180 omnibus
1229 5111 1265 5180 ct
1287 5110 1475 5191 uniuersis,
1511 5109 1639 5197 quiin
1662 5104 1759 5180 fficio
1781 5109 1867 5180 vilia
1890 5111 1968 5181 siue

429 5201 619 5288 hereditate
642 5221 728 5288 sunt
749 5217 808 5288 uel
837 5222 962 5309 postca
987 5216 1111 5308 boberj
1136 5215 1352 5288 videbuntur
1381 5214 1639 5307 quoquomodo,
1669 5217 1968 5290 reuerendissimo

429 5311 465 5387 ¹11
486 5315 623 5398 cuma
645 5325 749 5418 patri,
773 5323 916 5398 domino
946 5329 983 5397 et
1004 5323 1148 5398 domino
1178 5323 1323 5397 Nicoloo
1349 5323 1421 5397 Dei
1449 5325 1572 5415 gracia
1593 5327 1719 5396 sancte
1743 5323 1966 5400 Gnouueusis

1781 5453 1891 5528 l,.
