4706 6356
293 504 297 511 ι

352 529 358 542 V
373 535 377 544 ι

345 775 428 850 dino
451 779 489 850 in
512 780 739 852 Stanecbcwo
762 780 924 852 omnium
947 780 984 850 et
1006 747 1230 870 singulorum
1253 779 1561 853 emolimentorum
1585 799 1628 852 cx
1650 782 1738 872 ipso
1752 779 1878 860 molen·
1916 807 1919 818 ·

343 885 426 958 dinc
449 887 753 980 proueniencium,
778 885 919 960 duabus
942 887 1045 960 nobis
1074 886 1294 973 cedentibus,
1326 890 1475 960 terciam
1506 891 1694 962 metretam
1717 905 1783 960 seu
1803 907 1878 982 par·

199 1049 201 1052 <
274 987 280 1006 ’
340 997 415 1064 tem
437 1011 502 1086 pro
526 1012 566 1067 sc
588 997 745 1088 recipcre
768 1001 805 1067 et
827 993 969 1079 babere,
993 997 1144 1068 tercium
1168 1015 1309 1088 qnoque
1332 993 1519 1068 donarium
1541 1014 1607 1088 pro
1630 994 1823 1068 molaribus
1846 1007 1878 1076 et

279 1139 280 1142 ι
341 1100 423 1192 alijs
446 1103 663 1196 necessarijs
686 1108 723 1176 ct
745 1104 952 1194 attinenciis
977 1101 1023 1174 ad
1046 1105 1165 1196 ipsum
1195 1100 1441 1174 molendinum
1469 1104 1653 1196 oportunis
1676 1120 1878 1196 comparen-

341 1207 398 1280 dis
421 1227 465 1280 ac
487 1208 745 1282 reionnacione
768 1214 805 1282 et
827 1208 1060 1282 edificacione
1091 1211 1179 1295 eius,
1209 1210 1313 1282 nobis
1336 1213 1451 1282 eciam
1482 1210 1572 1284 duos
1595 1209 1774 1296 dantibus,
1797 1209 1879 1289 dum

241 1403 242 1406 Ν
340 1320 378 1386 ct
411 1312 598 1416 exponere,
631 1317 678 1392 ad
713 1319 811 1413 ipsas
845 1337 988 1409 quoque
1017 1319 1285 1411 reparaclonem
1319 1323 1356 1390 ct
1385 1318 1655 1391 edificacionem
1681 1317 1782 1408 ligna
1804 1321 1878 1398 siue

339 1421 468 1496 robora
490 1431 667 1518 oportuna
688 1424 851 1498 excidero
873 1427 912 1498 in
935 1427 1038 1498 siluis
1068 1445 1134 1498 seu
1163 1425 1278 1498 born's
1301 1425 1507 1512 excidenda,
1538 1445 1675 1499 necnon
1705 1423 1796 1498 duos
1818 1447 1878 1520 pro

341 1530 445 1603 nobis
468 1536 506 1604 et
528 1535 680 1606 tercium
714 1553 779 1628 pro
802 1553 842 1605 se
865 1535 943 1626 ipsc
975 1553 1102 1627 porcos
1137 1535 1284 1619 tociens,
1317 1537 1487 1626 quociens
1522 1532 1728 1626 expedierit,
1750 1537 1879 1627 puriter

1997 717 2052 792 ιι.
2099 707 2198 782 ιιοι.
2222 693 2281 774 (ιιι
2304 703 2333 770 ι

2157 896 2309 974 Wladisl

1936 1075 1937 1078 ,
2000 1013 2157 1142 mandat,
2180 1030 2225 1083 ne
2247 1007 2309 1080 lite

340 1639 539 1731 inpigwurc
561 1640 706 1714 debebit
728 1647 764 1714 et
786 1643 995 1714 incrassare.
1040 1641 1179 1714 Licebit
1200 1643 1347 1734 insuper
1368 1641 1508 1735 pretato
1535 1641 1660 1716 Iacobo
1684 1645 1722 1714 ct
1743 1661 1879 1718 succes
1997 1713 2002 1724 ,
2063 1615 2071 1635 ’

343 1746 484 1820 scribus
508 1751 585 1822 suis
608 1749 720 1836 rethe,
751 1745 888 1820 dictum
918 1747 1099 1838 wlganer
1127 1751 1345 1838 aabrodnpc,
1376 1751 1414 1822 in
1444 1749 1564 1822 lacum
1593 1747 1794 1843 predictum
1822 1769 1879 1826 va·
2003 1803 2008 1816 .

341 1851 471 1942 dando,
496 1876 606 1948 quam
627 1855 772 1949 longius
795 1855 947 1950 pedibus
980 1859 1108 1948 attingi
1131 1859 1262 1950 poterit
1292 1855 1339 1930 ad
1361 1857 1590 1951 proiundum‚
1615 1861 1652 1929 et
1672 1855 1823 1930 hamum
1844 1860 1879 1934 in

291 1970 294 1976 '
344 1967 531 2056 capturam
553 1965 710 2059 piscium
730 1983 796 2058 pro
818 1983 946 2050 mensa
968 1985 1036 2036 sua
1058 1963 1246 2042 dumtaxat
1267 1963 1473 2058 prendendo
1496 1967 1648 2052 mittere,
1677 1983 1721 2038 ac
1742 1966 1781 2038 in
1803 1983 1879 2040 nos·
2015 1971 2044 2023 Δ
2145 1959 2149 1966 ’
2192 1971 2196 1986 ·

340 2071 407 2142 tris
440 2071 554 2157 siluis,
589 2075 743 2158 mericis,
777 2072 903 2157 burris,
934 2071 1101 2162 virgultis
1131 2076 1169 2143 et
1197 2071 1333 2146 rubetis
1364 2072 1465 2163 ligna
1486 2091 1551 2166 pro
1574 2075 1658 2164 igne
1679 2076 1880 2148 neccssaria

342 2177 525 2251 succidere
560 2184 597 2252 et
628 2183 796 2274 recipere,
830 2177 989 2276 pecudes
1016 2198 1158 2271 quoque
1191 2184 1229 2252 et
1261 2198 1392 2273 pecora
1422 2181 1562 2253 minora
1588 2183 1626 2254 et
1647 2181 1784 2252 maiora
1810 2199 1880 2254 vna

343 2305 426 2358 cum
453 2285 710 2360 kmcthonibus
731 2288 816 2360 vilic
839 2286 1021 2380 sepedicta
1042 2288 1268 2362 Stcmcbcwo
1295 2289 1334 2360 in
1356 2303 1467 2378 grege
1489 2287 1649 2380 ipsorum
1670 2287 1782 2360 libere
1802 2306 1879 2381 pas·
1997 2333 1998 2336 a

342 2391 466 2480 cenda,
498 2397 536 2468 in
559 2397 656 2486 agns
679 2397 758 2468 siue
781 2396 919 2488 campis
947 2389 1090 2467 nostris
1110 2393 1246 2487 absque
1275 2401 1398 2468 tamen
1421 2395 1588 2488 dampnis
1612 2409 1824 2468 conseruare
1847 2399 1880 2469 et

341 2505 472 2574 tenere.
518 2501 559 2576 ln
587 2523 738 2595 quorum
769 2504 930 2576 omnium
954 2507 991 2574 ct
1017 2503 1242 2593 singulonrm
1265 2501 1377 2576 iidem
1400 2508 1438 2576 et
1459 2503 1704 2576 testimonium
1735 2505 1880 2594 premis·

316 2629 464 2684 ,sonim
486 2615 671 2703 presentes
698 2611 821 2683 literas
851 2611 969 2702 sigillo
993 2615 1114 2682 nostro
1143 2611 1269 2683 maiori
1301 2610 1455 2684 lecimus
1478 2611 1645 2684 roborari.
1690 2611 1824 2682 Actum
1846 2616 1882 2684 et

341 2715 467 2790 datum
489 2717 667 2791 Poznauie
695 2718 786 2790 ieris
814 2722 918 2790 sexta
946 2717 1042 2790 inira
1070 2722 1220 2790 octenas
1241 2717 1472 2790 visitacionis
1501 2719 1611 2792 blane
1633 2717 1783 2808 virginis
1810 2716 1879 2808 glo

340 2824 444 2911 riose,
468 2825 507 2898 in
530 2826 685 2920 capitulo
715 2825 884 2916 generali.
915 2825 984 2898 sub
1015 2845 1108 2898 anno
1139 2826 1284 2898 Domini
1314 2826 1503 2898 millesimo
1532 2823 1879 2918 quadringentesimo

341 2936 478 3022 quarto.
525 2933 754 3006 Presentibus
787 2931 1052 3006 venerabilibus
1082 2937 1120 3006 et
1152 2933 1419 3006 honorabilibus
1448 2934 1546 3018 viris,
1577 2933 1747 3006 dominiis:
1779 2931 1879 3006 Petro

342 3037 488 3126 decano,
513 3039 669 3132 Symone
693 3039 851 3126 custode,
874 3039 1021 3114 Nicolao
1045 3039 1322 3126 Strzcschconis,
1345 3041 1520 3114 Michaelc
1548 3039 1697 3133 Blyden,
1729 3038 1879 3113 decreto

343 3167 425 3220 rum
447 3145 602 3234 doctore,
633 3147 780 3221 Nicolao
803 3147 924 3222 Gorka
946 3147 1167 3234 cancellario,
1197 3147 1354 3222 Iohanne
1375 3151 1556 3242 preposito
1579 3149 1696 3222 sancti
1718 3147 1879 3240 spiritis,

341 3255 533 3329 Pmibislao
566 3254 611 3328 de
632 3259 776 3343 Ριιιιιιι,
805 3256 952 3329 Alberto
975 3259 1155 3350 preposito
1179 3255 1440 3341 Gluschinensi.
1471 3256 1721 3330 Bartholomeo
1743 3254 1879 3348 Rynlro

342 3366 409 3452 nis,
442 3363 606 3436 Floriano
637 3361 682 3435 de
713 3366 912 3450 Polctatblci,
947 3363 1084 3436 bicthia
1106 3363 1216 3450 italis,
1251 3363 1397 3436 Nicolac
1419 3364 1555 3438 decano
1580 3363 1879 3448 lllladisiauiensi,

341 3471 585 3544 bliroschconc
615 3470 660 3543 dc
690 3473 904 3557 Grcmbcton
934 3471 1105 3558 Boroone‚
1136 3471 1330 3544 Vincenclo
1354 3471 1398 3544 de
1420 3473 1689 3558 Morczinlcowo,
1720 3471 1879 3546 Floriano

343 3577 388 3650 de
403 3581 498 3665 Gccz,
521 3577 740 3653 lohannede
756 3579 928 3670 depecisci,
952 3579 1088 3652 Mathia
1101 3578 1215 3665 Blide,
1233 3580 1397 3652 'lacussio
1413 3578 1555 3665 Groiok,
1578 3578 1692 3665 Petro,
1715 3579 1878 3661 Lucieno.

343 3687 505 3761 lanussio
529 3687 575 3759 de
596 3689 785 3774 Sclwlowc
808 3687 955 3786 Nicolao
986 3688 1031 3759 de
1062 3689 1251 3778 Obicpowo
1279 3687 1539 3777 archidiacono,
1571 3686 1729 3760 Iohanne
1751 3685 1796 3759 de
1817 3686 1880 3758 Ne»

337 3799 451 3886 parib
474 3800 512 3869 et
534 3797 662 3870 ceteris
686 3795 930 3890 capitulariter
952 3797 1188 3888 congregatis.
1223 3813 1226 3822 ·

502 3991 669 4050 Dokumcnt
686 3993 905 4067 pergaminoery,
923 3991 1125 4068 praecbowany
1143 4011 1168 4049 ιι
1181 3990 1336 4050 archinum
1355 3991 1485 4067 kapituiy
1499 3989 1672 4063 kaiedralnei
1691 3987 1880 4067 poznadskiei,

341 4089 495 4158 opatraony
512 4081 564 4156 byl
581 4083 744 4157 pieruotnie
760 4080 845 4154 jedna
867 4081 1015 4158 pieoapcia,
1039 4099 1077 4158 po
1095 4081 1185 4154 ilorci
1206 4083 1287 4157 tylko
1311 4082 1436 4158 skorupa
1453 4081 1551 4141 wosku
1568 4081 1621 4140 bea
1639 4080 1765 4156 wyciskn
1783 4099 1821 4139 na
1837 4080 1878 4137 rd-

341 4178 447 4246 iowym
465 4174 475 4230 i
495 4173 667 4246 iioletowym
685 4171 863 4247 iedwabnym
880 4173 1006 4230 sauurku
1023 4173 1175 4267 pmoctaia.

504 4353 527 4426 ¹)
547 4351 687 4422 Stnmoo.
723 4351 802 4410 wisi
825 4351 863 4424 tei
882 4369 981 4426 nam
999 4370 1024 4410 ιι
1043 4352 1155 4428 poblitu
1183 4352 1347 4410 Pobiedoldc
1371 4351 1433 4410 dni
1460 4353 1507 4410 nie
1534 4351 1645 4423 latnieia
1662 4353 1757 4410 scale.
1793 4351 1879 4410 Neto-

341 4443 427 4500 micat
453 4443 514 4516 iely
541 4440 690 4500 niedaieko
717 4442 880 4500 Pammene
897 4461 923 4500 ιι
941 4443 1082 4500 kierunku
1110 4441 1428 4518 pdlnocnoaachodnim
1446 4441 1512 4500 wisi
1542 4443 1690 4514 Simmbo
1708 4461 1734 4500 ιι
1752 4437 1878 4518 ροιιίοιιι

339 4529 505 4601 ιπιάιιίω,
523 4531 655 4602 neieina
672 4531 709 4590 do
729 4549 788 4608 par.
808 4533 978 4606 ‚turonem
1015 4533 1041 4592 0
1059 4533 1116 4604 niej
1144 4540 1174 4591 to
1197 4549 1372 4608 capannore
1389 4531 1557 4605 niniejeaym
1581 4531 1767 4590 dcirumeueie
1785 4545 1878 4590 ιιιοιιι.

2073 5008 2138 5081 bus
2161 5009 2266 5081 dictis
2287 5009 2345 5076 atr

2077 5117 2231 5206 ipsorum
2253 5111 2345 5184 dunt

2079 5221 2184 5296 lunck
2206 5219 2345 5296 sculteti

2082 5351 2227 5418 quorum
2248 5330 2288 5400 in
2315 5343 2345 5416 pi
