4706 6356
246 579 292 650 44

248 775 304 846 31.
352 769 451 842 1401.
475 763 534 836 dle
557 767 590 838 b.
615 761 751 838 mensis
772 761 876 852 144411,
901 761 1099 840 14114414.

415 929 637 1037 wladislaus
659 960 700 1036 ii
723 981 786 1038 rex
800 961 967 1040 Polonluc
988 963 1136 1038 ailberto
1160 961 1205 1036 de
1230 963 1338 1054 11144
1361 961 1486 1037 villam
1501 963 1639 1037 Plutona
1652 959 1799 1038 conlert

376 1193 388 1216 a
414 1160 637 1236 wladislaus
659 1160 728 1236 Dei
750 1166 874 1255 gracia
896 1185 958 1238 rex
985 1161 1129 1236 Polunie
1158 1161 1439 1255 Lythuanieque
1466 1164 1635 1258 princeps
1656 1181 1802 1258 suppra

253 1296 336 1352 mus
370 1278 408 1346 ct
432 1271 544 1370 ¹lucres
574 1271 703 1344 Russie
738 1276 806 1346 etc.
840 1273 1102 1364 significamus,
1137 1273 1269 1363 qulbus
1292 1271 1445 1364 expedit
1480 1273 1671 1359 uniuersis,
1706 1269 1802 1362 quod

253 1387 391 1458 attenta
413 1383 535 1456 mente
558 1380 820 1474 perpendentes
842 1385 948 1473 grata
969 1385 1007 1454 et
1030 1378 1184 1453 multum
1212 1385 1361 1472 accepta
1390 1381 1555 1468 44441414,
1579 1399 1649 1471 qne
1670 1380 1801 1453 nabilis

251 1493 422 1568 Albertus
457 1489 503 1562 de
537 1491 684 1580 111444,
717 1491 1005 1566 subcamerarius
1028 1487 1240 1562 Kalisleusls
1273 1491 1465 1582 mayeetatt
1500 1494 1620 1562 444144
1643 1487 1804 1562 exhibuit

252 1607 289 1674 et
311 1603 548 1694 imposterum
572 1603 678 1672 aucto
691 1599 887 1674 -udeiiuus
911 1597 1029 1672 studio
1051 1600 1279 1690 prestunciue
1300 1599 1432 1692 poterit
1449 1597 1626 1684 exhihere,
1651 1617 1802 1688 quorum

252 1711 398 1783 intuitu
413 1709 576 1794 volentes
600 1706 755 1780 eundem
778 1707 967 1780 Albertum
1001 1705 1046 1778 de
1079 1707 1216 1796 111444
1247 1706 1459 1798 specialium
1494 1707 1697 1798 graciarum
1725 1724 1802 1798 pro

97 1867 100 1870 -
250 1819 355 1910 sequi
387 1814 573 1896 lauorlbus
605 1820 643 1889 et
672 1814 721 1889 ad
750 1817 924 1908 obsequia
955 1818 1079 1888 444144
1108 1812 1257 1887 reddere
1277 1817 1557 1912 prompoiorem,
1585 1812 1656 1886 sibl
1678 1813 1803 1886 villam

252 1931 415 2000 44414444
449 1927 601 1996 Plowcaa
614 1928 640 2012 ¹)
675 1925 715 1996 in
748 1924 914 1996 4114141414
936 1921 1124 1996 8144114441
1159 1923 1278 2007 sitam,
1314 1941 1399 1995 cum
1428 1921 1597 1996 omnibus
1621 1920 1799 2007 censibus,

93 2073 96 2076 -
239 2031 462 2118 redditibus,
486 2031 731 2126 prouentibus,
755 2033 869 2122 aquis,
893 2033 1017 2124 pratis,
1041 2032 1180 2122 campis
1204 2035 1241 2102 et
1261 2029 1444 2103 laboribus
1468 2050 1512 2102 ac
1534 2049 1619 2102 cum
1635 2028 1800 2102 omuibus

252 2147 290 2214 et
313 2139 467 2232 singulis
496 2138 711 2214 411111411144
743 2137 789 2212 ud
818 2140 937 2231 ipsam
959 2137 1226 2231 quomodolibet
1247 2137 1497 2230 spectantibus
1520 2137 1566 2210 de
1587 2140 1711 2211 innata
1734 2136 1801 2210 cel·

252 2247 424 2320 situdinis
447 2247 703 2321 munificencia
726 2246 854 2320 damus
877 2245 1081 2330 tenendam,
1107 2244 1153 2318 ad
1176 2249 1297 2318 nostre
1320 2244 1511 2318 dumtaxat
1536 2245 1802 2339 beneplacitum

253 2357 461 2429 voluntatis.
508 2353 771 2446 Quumquidem
804 2355 929 2427 villam
962 2357 1114 2426 Plowcea
1145 2353 1242 2428 idem
1276 2353 1447 2426 ulbertus
1479 2352 1803 2456 441114444444

251 2465 461 2558 prescriptis
486 2467 564 2536 eius
587 2463 802 2536 utilitatibus
824 2461 970 2546 tenebit
994 2458 1143 2534 babebit
1166 2462 1378 2554 4144411144
1399 2459 1598 2554 possidebit
1612 2459 1660 2534 ad
1679 2461 1803 2534 volun·

255 2573 341 2644 tatis
364 2575 485 2644 nostre
507 2571 784 2664 beneplacitum,
813 2574 856 2642 ut
877 2568 1081 2664 preficrtur.
1127 2569 1265 2642 Harum
1292 2568 1423 2660 quibus
1453 2569 1613 2661 sigillum
1639 2573 1803 2642 nostrum

254 2681 311 2751 est
335 2695 539 2771 'appensum
570 2679 774 2764 1444444414
805 2677 1016 2750 litterarum.
1062 2675 1198 2750 Datum
1228 2677 1268 2750 14
1297 2679 1433 2768 Konna
1461 2677 1553 2752 teria
1579 2679 1691 2750 tercia
1712 2677 1803 2752 'isati

254 2785 518 2872 Pentbeccstes,
543 2777 805 2860 anno'Dominl
829 2785 1029 2872 4411441444λ
1042 2771 1397 2876 quadringentesimo
1420 2787 1541 2860 144414.
1556 2771 1610 2840 'ss
1633 2784 1691 2858 Ad
1714 2785 1803 2860 reia·

254 2895 396 2966 olonem
419 2892 557 2966 domim
579 2893 718 2968 Nicolai
740 2892 1035 2986 vicecancellarii.
1321 2905 1324 2910 ’

415 3057 584 3172 1141444441
609 3091 829 3166 4444414444,
854 3088 1057 3166 praacbowany
1080 3109 1107 3149 w
1124 3089 1279 3150 archivum
1306 3089 1438 3166 kapituly
1460 3051 1696 3167 monopoliulnei
1723 3072 1802 3164 4414-

253 3177 408 3251 iniedskiei
429 3180 480 3254 (N.-
498 3181 565 3252 281)
585 3177 637 3238 bez
655 3179 874 3255 naimniejmego
892 3177 976 3238 iladn
994 3181 1210 3256 paruissem·
1228 3179 1279 3238 lul)
1296 3181 1475 3254 uelinlecla
1492 3179 1621 3256 41444441.
1692 3228 1698 3241 .

417 3361 440 3434 ¹)
458 3359 578 3430 Pace,
595 3329 664 3420 utet
681 3359 979 3436 rpemsmadakim.

256 3752 1108 3866 34.1401.41424444441414111,·Ρ4444414.
1239 3842 1244 3853 ,
1323 3723 1343 3756 ”
1474 3725 1477 3732 ‚

418 3951 568 4027 Ioannes
592 3952 637 4026 de
660 3955 813 4044 Niapnrt
843 3955 1037 4028 canonicus
1072 3960 1109 4028 41
1142 3957 1298 4029 neamus
1332 3956 1371 4028 in
1404 3955 1650 4049 spiritualibus
1674 3955 1802 4031 Poena·

259 4060 396 4132 niensis
419 4062 775 4148 testatur‚10anncm
799 4062 937 4136 dictum
959 4063 1133 4156 Chcjnica
1154 4063 1411 4138 bacalaureum
1438 4067 1477 4138 iu
1500 4065 1637 4138 artlbus
1659 4067 1803 4138 ulcarlle

259 4167 432 4240 ecclesiae
467 4167 682 4244 cathedralis
718 4171 972 4245 Posnaniensis
1006 4172 1097 4246 duas
1121 4193 1263 4246 marcas
1299 4192 1437 4247 annuas
1461 4171 1506 4246 de
1528 4173 1624 4246 villis
1657 4175 1804 4260 Gliuno,

255 4275 359 4368 Sndy
382 4281 419 4349 et
440 4279 640 4368 1114144441)
663 4279 703 4352 14
724 4281 799 4352 vim
822 4283 1054 4375 reemptionis
1077 4280 1293 4356 uendidisse.

418 4474 458 4546 11.
492 4473 628 4568 Gnynsa
658 4477 846 4570 powyiszy
875 4477 1143 4570 wpdsrlruiowy
1173 4477 1307 4573 capisal
1337 4479 1408 4554 lan
1437 4478 1611 4573 Chojnica
1637 4478 1805 4554 balralara
1889 4517 1892 4522 ·

255 4580 488 4670 usatukach
511 4586 693 4657 inueniam
719 4587 894 4659 wlasnem
917 4607 999 4660 4444
1014 4589 1197 4660 lmleniem
1220 4591 1301 4680 ojca
1323 4608 1443 4680 swego
1466 4587 1557 4680 dury
1571 4607 1607 4660 w
1621 4587 1805 4662 sneroklcb

254 4689 430 4778 mezaab
451 4691 634 4784 praskich.
681 4695 714 4765 Α
736 4693 798 4785 byl
820 4697 882 4766 ten
906 4713 1033 4786 cnynsn
1056 4695 1209 4789 placony
1224 4695 1332 4786 dated
1355 4696 1805 4789 liikolajowiWodzlceoe,

254 4795 423 4869 ktdramu
451 4798 673 4892 wikaryusuc
706 4799 909 4874 katedralni
943 4805 1148 4896 pounaiscy
1178 4825 1211 4876 w
1241 4807 1382 4877 namian
1411 4826 1454 4877 44
1484 4808 1521 4877 14
1551 4809 1596 4878 20
1625 4808 1804 4895 graywlsn

253 4903 519 4996 wynegrodnili.
568 4907 714 4982 uestes:
746 4909 917 4983 Nicolaus
947 4910 1042 4983 Petri
1073 4909 1118 4984 dc
1139 4913 1309 4998 Sraodlcc,
1340 4913 1509 4985 Nicolaus
1532 4913 1736 4986 Maczkonis
1759 4913 1805 4986 de

253 5013 378 5086 Latia
401 5013 554 5108 plebani,
579 5015 717 5108 symon
739 5017 884 5091 Martini
909 5017 954 5091 de
977 5021 1135 5110 occupa
1158 5027 1195 5092 41
1217 5020 1353 5114 Symon
1375 5021 1510 5094 Mathia
1533 5020 1709 5094 41481444.

418 5211 492 5270 neu
509 5213 668 5274 comiatonii
689 5215 855 5290 episcopalis
875 5215 1080 5275 Pusmiaucla
1097 5215 1135 5274 de
1150 5235 1195 5276 aa.
1216 5219 1404 5280 iiia-luti.

420 5391 609 5466 ι)Βι’4144441
632 5393 736 5452 dibeo
753 5396 858 5454 44141114
875 5413 943 5456 orez
966 5396 1074 5454 otim
1090 5399 1167 5456 44414
1184 5399 1257 5472 azyli
1279 5399 1435 5470 attenedo,
1457 5397 1562 5456 414141
1581 5397 1683 5470 wojcw.
1703 5395 1808 5474 nlagdy
1896 5387 1900 5396 ’

250 5480 467 5558 poznadsklam,
486 5499 556 5556 poor.
576 5484 770 5558 4444414144,
789 5503 847 5560 par.
871 5487 1012 5578 Olcp'm.
1056 5487 1132 5558 Sudy
1150 5487 1210 5546 dcli
1229 5507 1253 5547 4
1272 5490 1309 5560 tei
1329 5489 1507 5562 4141144414
1526 5490 1646 5562 14441414.

1942 845 1945 858 .
2026 739 2081 810 34.
2129 736 2346 828 atouguia:

2151 915 2309 992 ’11444444
2351 976 2352 979 i

2027 1045 2110 1120 cum
2122 1025 2253 1100 Ioanne
2262 1025 2344 1102 abb

2149 1203 2191 1280 14
2228 1224 2276 1279 44
2336 1240 2342 1269 ·

1930 1336 1933 1342 ·
2027 1311 2184 1386 ’11444444
2206 1312 2313 1408 subpl
2346 1348 2353 1373 ·

2025 1419 2274 1512 significamus
2337 1456 2344 1487 t

2026 1530 2127 1616 turis,
2162 1528 2258 1623 quod
2287 1529 2334 1604 ud

2024 1635 2262 1710 viridunum
2290 1635 2349 1710 dic

2020 1753 2141 1838 'nequa
2163 1765 2287 1820 errore·
2303 1745 2352 1820 411

2025 1843 2222 1928 amicorum
2248 1873 2334 1928 cone

2023 1963 2066 2062 in
2084 1961 2187 2035 bonis
2209 1961 2332 2034 benedi

2024 2071 2245 2143 Goscsaclwu
2276 2069 2336 2142 all:

2023 2176 2185 2251 eiusdem
2213 2198 2254 2251 se
2282 2177 2319 2250 14

2023 2289 2136 2360 uentu
2152 2283 2313 2360 heredita
2337 2318 2352 2349 ι»

2024 2397 2062 2468 14
2085 2392 2305 2481 0441444441,
2343 2426 2351 2454 2

2024 2504 2125 2577 41444
2153 2521 2305 2594 quarum
2345 2536 2350 2563 ι

2028 2612 2154 2684 neutui
2176 2631 2295 2683 mane
2325 2640 2353 2677 ··

2023 2723 2061 2792 41
2097 2717 2303 2792 scolteciam

2024 2826 2182 2902 Hinoako
2212 2825 2342 2921 Snlrap

2029 2955 2149 3010 coram
2178 2933 2299 3022 nobis
2337 2966 2353 2996 s

2025 3045 2173 3139 campis,
2197 3045 2303 3133 agne,
2326 3063 2350 3136 p

2023 3152 2133 3246 ilciJs,
2160 3151 2323 3236 lacubus,

2023 3259 2129 3334 dibus
2152 3279 2195 3333 ac
2216 3279 2308 3350 gene
2334 3292 2338 3319 ε

2023 3367 2070 3442 ad
2091 3366 2289 3460 predictam
2323 3392 2328 3409 ·

2022 3474 2281 3567 modooumque
2308 3495 2345 3568 p·

2026 3583 2211 3656 dominum
2234 3582 2353 3682 abba:

2024 3691 2221 3776 vendenda,
2256 3689 2344 3769 obli

2022 3819 2108 3872 succ
2117 3799 2296 3872 essorlbus
2344 3828 2353 3858 ι

2027 3907 2349 3980 commutacionem

2024 4017 2127 4088 cuius
2150 4017 2203 4087 rel
2225 4015 2347 4086 testim

2023 4127 2059 4196 et
2082 4122 2206 4195 datum
2229 4122 2345 4195 Panna

2023 4233 2112 4304 mini
2142 4231 2331 4304 millesimo

2030 4338 2075 4412 de
2091 4341 2257 4413 oetrcrot
2278 4339 2345 4410 ve'x

2023 4449 2129 4539 ungio
2154 4446 2199 4519 dc
2222 4449 2342 4519 144441

2023 4555 2127 4629 dibus
2151 4560 2188 4628 41
2209 4556 2291 4648 alijs
2315 4576 2351 4628 m
