4722 6360
11 2249 80 2301 sese
118 2227 165 2301 ab

18 2539 167 2626 protrus-

8 2642 229 2715 uuuberi·
338 2657 347 2671 ·

8 2751 42 2820 ed
56 2750 166 2822 adim·

8 2879 48 2930 ue
68 2880 166 2931 mon·

8 2969 167 3039 semeuit

8 3097 39 3146 oo
66 3075 166 3148 decc-

8 3237 36 3252 ..
59 3237 66 3254 .
90 3239 98 3254 .
121 3203 167 3255 us

8 3291 169 3362 ummo

24 3398 168 3471 iiicheel

8 3505 26 3576 ei
45 3506 168 3579 Bliden

8 3633 170 3707 esprepo

8 3721 170 3795 lohannes

8 3833 100 3903 ucius
124 3830 170 3902 de

8 3939 59 4021 sis,
81 3937 172 4010 Pmi·

8 4045 43 4132 is,
70 4046 171 4118 Miro·

15 4149 171 4226 Nicoicus

8 4261 53 4343 ris,
79 4263 171 4354 capi·

8 4387 12 4436 4
31 4369 173 4459 quilibet

21 4480 171 4548 omnium

8 4601 41 4668 u,
69 4585 172 4678 pert-i·

8 4689 170 4780 unicus,

8 4797 51 4870 ius
65 4801 172 4874 eccie-

8 4907 171 4998 tinguere,

8 5031 23 5084 o
41 5017 172 5088 soluere

8 5137 16 5192 i
38 5142 172 5214 presen-

17 5229 171 5302 oiendere

8 5355 74 5409 uris
98 5395 105 5410 .
130 5395 137 5410 .
164 5392 171 5408 .

8 5461 50 5514 um
72 5449 172 5517 vicis·

1906 493 1971 563 ror
2063 444 2065 448 ¹

236 754 246 774 .
329 763 331 768 .
428 695 497 768 sim
533 697 607 766 tam
638 713 690 778 ec,
726 712 835 783 quom
871 695 1033 764 nostrum
1069 690 1263 780 quemlibet
1296 695 1500 783 presentem
1534 695 1570 760 et
1598 687 1762 768 futurum
1791 653 1972 772 adherere,

427 800 536 874 simul
560 802 764 872 constanter
788 803 906 872 astare
930 803 966 870 et
989 817 1056 870 con
1081 851 1223 868 .....
1248 817 1308 869 erc
1331 817 1395 889 pro
1419 817 1525 890 posse
1550 801 1585 868 et
1610 799 1710 868 inxto
1726 799 1845 868 toxam
1869 795 1972 866 berre·

428 909 593 982 iiciorum
617 907 661 980 ob
686 909 832 998 entique
865 909 1012 989 tentem,
1046 911 1121 977 tem
1145 907 1176 976 si
1200 925 1290 998 opus
1315 907 1382 982 erit
1406 905 1513 976 alicui
1544 907 1581 976 iu
1615 907 1736 976 causis
1766 907 1843 976 suis
1874 923 1973 976 occa·

428 1019 529 1089 sione
552 1019 692 1088 tentum
716 1015 902 1106 dignitatis
926 1014 984 1086 uei
1008 1012 1187 1106 prebende
1211 1033 1286 1097 suc,
1311 1015 1525 1103 inquantum
1550 1013 1723 1084 deiiceret
1746 1013 1784 1084 iu
1807 1012 1972 1104 proprijs,

430 1143 537 1216 quom
562 1125 599 1195 in
623 1117 770 1216 capituli
794 1122 1046 1194 communibus
1071 1123 1189 1193 causis
1221 1126 1257 1192 et
1286 1119 1414 1193 iideies
1439 1142 1482 1194 ao
1505 1123 1637 1192 sinceri
1661 1141 1776 1212 vsquc
1799 1122 1837 1190 in
1860 1120 1974 1192 finem

427 1233 562 1306 bonrun
585 1233 776 1324 persistere
800 1234 907 1324 utque
930 1235 1069 1300 secreto
1092 1249 1163 1300 non
1193 1229 1334 1322 proderi
1364 1231 1607 1322 promittimus
1641 1229 1709 1300 sub
1739 1227 1858 1300 debito
1882 1229 1974 1300 iure·

430 1341 542 1413 menti
571 1327 618 1410 in'
637 1341 844 1432 receptione
874 1337 1036 1428 singulos
1067 1344 1229 1410 nostrum
1262 1391 1644 1409 ............
1676 1336 1785 1409 iirms
1815 1339 1851 1407 et
1880 1335 1976 1409 bone

429 1447 663 1520 consciencie.
711 1445 880 1538 Quisquis
905 1451 1026 1518 cutem
1061 1446 1237 1538 premissa
1260 1445 1410 1516 violaret
1444 1449 1508 1516 cut
1539 1465 1609 1517 non
1647 1444 1792 1528 iaceret,
1830 1463 1872 1516 eo
1896 1447 1998 1536 ipso·
2087 1435 2090 1440 ’

429 1557 478 1628 sit
499 1559 670 1648 perpetuo
693 1557 857 1648 priuatus
880 1557 957 1627 iure
981 1559 1022 1660 et
1039 1555 1265 1646 possessione
1295 1555 1539 1645 percepcionis
1571 1557 1646 1624 tom
1677 1554 1782 1645 panis
1813 1555 1850 1623 ct
1876 1554 1975 1624 vine·

428 1665 518 1736 lium
549 1683 657 1754 quom
687 1662 928 1756 pecunialium
966 1666 1001 1733 et
1036 1661 1187 1732 aliarum
1220 1679 1527 1752 quorumcumque
1562 1661 1710 1754 prelatis
1734 1663 1771 1732 et
1794 1661 1976 1732 cononicis

430 1771 615 1844 solitorum
639 1770 717 1843 dori
740 1769 982 1842 reieocionum
1006 1775 1041 1840 et
1066 1767 1362 1840 distribucionum
1387 1761 1644 1852 communium,
1675 1773 1753 1839 tum
1778 1773 1813 1840 et
1837 1787 1859 1838 a
1882 1771 1976 1860 cepi·

366 1867 370 1876 ’
428 1879 504 1951 tulo
529 1879 758 1971 consiliisque
782 1883 819 1950 et
841 1879 1011 1950 societate
1035 1876 1191 1969 capituli.
1238 1877 1278 1948 In
1308 1897 1459 1967 quorum
1492 1880 1654 1948 omnium
1685 1879 1722 1948 et
1751 1875 1976 1966 singulorum

428 1977 544 2060 iidem
566 1991 602 2058 et
624 1988 870 2058 testimonium
894 1987 1162 2078 premissorum,
1187 1984 1334 2076 capituli
1358 2005 1487 2074 moyus
1504 1990 1541 2056 et
1557 1989 1681 2057 nostro
1699 1984 1819 2074 sigillo
1833 2003 1977 2076 presen-

431 2093 528 2198 tibus
551 2099 635 2166 sunt
666 2114 834 2187 appenso.
880 2095 1014 2165 Actum
1043 2097 1080 2164 et
1102 2091 1226 2163 datum
1250 2091 1427 2164 Poznnnie
1450 2093 1488 2163 in
1525 2146 1976 2164 ..............

430 2205 533 2274 sexto
555 2201 648 2274 intro
671 2207 819 2273 ooteues
842 2202 1116 2292 Assumpcionis
1148 2200 1268 2284 Morio,
1299 2199 1367 2270 sub
1392 2219 1484 2270 orrno
1509 2200 1656 2272 iiomini
1679 2200 1869 2272 millesimo
1892 2219 1977 2290 qua·

434 2309 713 2400 dringentesimo
736 2311 899 2402 septimo.

596 2579 734 2654 Orpgimi
752 2581 972 2654 pergaminowy,
999 2578 1201 2654 prsechormny
1219 2595 1243 2631 w
1262 2575 1417 2634 erchimrm
1438 2575 1567 2652 kopituiy
1586 2573 1760 2646 kntedminej
1786 2575 1984 2651 poznnriskiej,'

432 2668 564 2741 occiduis
581 2670 622 2740 rio
640 2689 665 2726 w
683 2669 855 2745 opinknuym
873 2669 973 2726 stante.
1010 2667 1108 2725 Pismo
1127 2667 1267 2740 wybiokie
1286 2669 1295 2722 i
1315 2673 1440 2739 rvytorte
1469 2667 1563 2723 niem
1591 2665 1851 2740 niedoodczytnnin,
1879 2666 1979 2724 uszko

431 2759 522 2818 (irone
540 2777 619 2833 pnes
638 2759 746 2833 wiigoc',
774 2757 861 2817 nocito
879 2759 981 2816 wiolico
998 2755 1097 2814 driurc
1114 2756 1302 2830 nybutwioic.
1340 2755 1454 2826 Ponitej
1482 2755 1577 2824 ukoo,
1605 2773 1643 2830 po
1661 2756 1719 2813 obu
1737 2756 1870 2813 etroncoh
1887 2754 1979 2814 dotu-

336 2905 341 2916 ,
432 2857 540 2918 meniu,
564 2849 695 2920 znoiduje
713 2851 754 2920 rio
771 2851 807 2908 ³5
826 2849 941 2906 klnuzui
960 2841 1213 2920 uiosnorqcznyeh',
1241 2863 1323 2920 przcz
1350 2845 1589 2926 poccczegoinych
1607 2845 1778 2902 knnonikorv
1795 2846 1979 2902 zonrieszczo·

432 2937 518 3014 oyen,
535 2939 615 2998 ktire
633 2958 657 2996 w
675 2939 844 3014 pacemne]
863 2939 951 3008 czqs'ei
971 2939 1018 2996 nie
1036 2957 1068 3008 sq
1084 2936 1132 3007 juo
1149 2937 1284 3010 czyteine.
1322 2935 1463 2994 Klauzuie
1481 2941 1511 2994 te
1528 2936 1650 3010 poioryu
1669 2935 1823 3009 kanonicy:
1879 2966 1882 2972 ·

615 3031 643 3102 1)
662 3030 752 3087 Petico
769 3035 868 3087 cantor
886 3029 1096 3094 hommensis,
1267 3093 1271 3102 .

612 3119 643 3192 2)
662 3119 799 3178 Nimium
817 3117 854 3177 de
875 3119 1021 3192 etiamn
1039 3116 1263 3184 archidiaconus,

613 3212 643 3280 2)
660 3209 785 3268 Μίὼο)
803 3207 1018 3266 archidiaconus
1036 3208 1218 3276 Pczewensiq
1340 3225 1343 3234 ’
1528 3241 1531 3247 -

614 3301 645 3374 4)
664 3299 809 3374 (Albricus
827 3297 1053 3371 orchidiooonue)
1074 3295 1327 3365 Werochouiensio,
1420 3313 1425 3318 ·

614 3391 644 3464 o)
663 3390 764 3448 Petrus
784 3388 933 3448 chdeier
950 3387 1074 3446 domnus
1091 3386 1276 3455 Lnbuoensic,

614 3481 646 3555 6)
662 3479 836 3537 Vmomciuc
854 3478 890 3536 dc
909 3477 1111 3536 Mamintorco
1129 3477 1289 3548 canonicos,

617 3572 647 3643 7)
665 3568 839 3628 Pnibishuo
856 3569 1009 3626 monicus
1028 3567 1237 3626 Pocnnnienois.

616 3661 646 3728 8)
663 3659 798 3718 utem
816 3661 975 3734 prepositus
994 3699 1002 3714 .
1021 3700 1028 3715 .
1048 3657 1204 3720 toeniensis.

617 3750 648 3823 2)
667 3749 775 3807 Paulus
793 3747 830 3806 tio
852 3749 993 3806 Ozcctorco
1010 3749 1164 3806 cononicus
1182 3746 1392 3814 Pammenem,

602 3841 647 3910 10)
664 3838 859 3898 Mummio
877 3839 960 3896 Καλὴ
978 3837 1129 3896 canonicus
1148 3835 1359 3904 Pcznonicnsic,

601 3931 649 4002 ll)
666 3929 768 3988 Petrus
788 3969 904 3988 .....
923 3929 1075 3987 cononicus
1093 3926 1303 3995 Poznmiensm

600 4020 648 4093 12)
666 4018 883 4077 &nuciam
902 4017 1050 4092 Itynkonie
1069 4019 1221 4075 cononicus
1239 4016 1450 4076 Poonmiensis.

477 4177 479 4182 y
602 4107 872 4182 remuneremus
893 4107 1055 4167 (inconcione
1073 4107 1225 4164 cononicus
1244 4106 1454 4174 Pocncniemis,

602 4201 648 4266 14)
665 4199 818 4258 Florianus
835 4199 871 4256 do
884 4199 1013 4270 Pociotty
1032 4198 1184 4256 cononicus
1203 4197 1412 4263 Pomonienoin

603 4290 650 4363 lt)
667 4287 812 4348 loduicus
829 4288 866 4348 rio
885 4329 1056 4348 .......
1075 4287 1105 4344 ki
1123 4287 1276 4344 cononicus
1295 4286 1506 4354 Pooncniensio,

603 4381 649 4454 12)
668 4379 809 4438 loom
827 4376 975 4436 Budkonto
993 4379 1146 4436 cononicus
1165 4377 1375 4445 Pocncnieneis,

604 4471 650 4542 11)
669 4469 810 4528 loircnm
828 4468 864 4528 de
882 4469 1005 4542 it'epomt
1023 4467 1176 4526 cnronious
1194 4466 1406 4536 Pozncnienoio,

604 4561 649 4632 18)
668 4559 815 4630 Iunonius
832 4559 869 4616 de
889 4559 1024 4616 Scioioroo
1043 4556 1195 4614 cononicus
1213 4555 1415 4614 Poznnnieneio
1434 4561 1463 4612 et
1481 4553 1682 4622 Iancicionoin

603 4651 650 4722 12)
668 4649 814 4722 ustuire]
834 4647 919 4706 Biids
935 4651 1088 4706 canonicus
1106 4647 1316 4716 Pomonienoio,

522 4787 525 4792 .
602 4739 652 4814 20)
670 4779 922 4800 ..........
940 4739 1094 4797 cononicus
1113 4737 1323 4804 Ponunniensio,

510 4855 519 4876 ·
602 4829 652 4904 21)
671 4869 925 4890 ..........
942 4829 1096 4886 canonicus
1117 4827 1340 4894 Pozuuuiensis„

603 4919 652 4994 22)
671 4919 816 4994 [meme]
836 4918 938 4978 Biiden
957 4918 1135 4976 decretorum
1153 4916 1260 4984 doctor,
1278 4917 1431 4974 cononicus
1450 4913 1660 4980 Pomnieocin‚

606 5009 656 5082 22)
675 5009 838 5083 [Iohnnneo]
857 5009 1015 5084 propositus
1034 5007 1126 5066 uncti
1145 5008 1277 5081 Spiritus,
1295 5007 1449 5064 cononicus
1467 5003 1679 5072 Pannonicum,

605 5101 654 5175 24)
671 5100 777 5158 Koiczo
794 5098 832 5156 de
849 5099 961 5156 cheroo
979 5099 1133 5156 cononicus
1152 5095 1363 5164 Pomcnieneir,

604 5191 653 5263 26)
671 5230 868 5252 ........
887 5195 982 5246 custos
1000 5187 1211 5252 Poznnriensic.

528 5315 530 5318 ·
605 5281 654 5353 211)
673 5279 810 5340 utente·
828 5279 980 5338 monicus
999 5277 1209 5339 Poznonienoie.

482 5391 483 5394 ¹
606 5372 654 5444 22)
672 5367 819 5442 ccccmo·
837 5367 1053 5426 orchidinconue
1072 5367 1268 5434 Semomemis,
1339 5415 1344 5426 .

606 5461 655 5536 28)
674 5459 812 5524 Nimim
830 5459 966 5532 Brooicoii
986 5459 1140 5517 monicus
1159 5457 1368 5526 Pacuuiae,
1497 5447 1499 5454 ⁴
