4730 6350
1751 668 1753 672 ,
1857 519 1946 642 ab·

407 661 485 752 444.
531 679 628 750 iace.
652 657 709 746 44
733 680 786 747 14.
811 695 859 746 ιι.
882 673 972 754 rue,
996 673 1034 744 ln
1060 664 1224 761 444444.
1382 717 1386 726 -

619 783 770 857 Ioannes
808 781 854 855 de
891 783 1103 854 Toliszlcewo
1138 781 1283 855 Nicoiao
1321 782 1586 875 archiepiscopo
1631 781 1831 856 Gncsnensi
1871 859 1875 866 ,
1915 792 1918 798 ’

527 893 719 966 Lrnarcas
742 910 806 983 pro
829 889 964 962 Mathia
988 889 1033 961 dc
1056 892 1258 979 Labisaprw
1281 891 1455 964 lideiubet
1482 944 1831 964 .......
1877 894 1944 964 133
2027 956 2031 964 .

406 1004 482 1074 ist.
530 1003 628 1073 1408.
653 999 711 1070 (114
735 1003 788 1070 12.
813 1017 860 1070 4.
883 999 1051 1088 Augusti,
1075 1000 1114 1068 in
1136 1000 1379 1086 Miedapraeee.

417 1109 422 1118 '
620 1105 782 1178 iudicum
798 1105 1022 1196 quorundam
1036 1104 1219 1177 decretum
1243 1109 1336 1178 inter
1359 1107 1530 1179 Mathiam
1546 1108 1713 1201 abbatem
1728 1106 1827 1178 Luhi-

527 1235 678 1287 nensem
701 1218 737 1286 et
758 1213 928 1286 Ioannem
954 1211 1197 1286 Grisinensom
1213 1212 1259 1285 de
1273 1214 1360 1286 vilia
1381 1217 1526 1288 Wlawic
1542 1215 1643 1286 litem
1659 1213 1831 1286 dirimens
1878 1217 1945 1286 134

406 1327 482 1396 137.
530 1325 628 1395 1408.
652 1341 777 1393 meuse
800 1322 977 1410 Augusto,
1001 1323 1040 1392 in
1062 1323 1272 1393 Podraeuie.

619 1427 799 1501 Haeredes
822 1427 867 1499 de
889 1429 1062 1500 Nandnie
1085 1427 1273 1500 eeclesiam
1297 1429 1345 1502 ad
1367 1451 1415 1502 ss.
1441 1429 1624 1504 Simonem
1647 1429 1832 1502 alludam

527 1539 565 1608 in
586 1536 673 1608 vilia
694 1537 891 1624 1144144444
916 1538 1058 1624 erigunt
1081 1541 1187 1627 atque
1210 1536 1336 1610 (141441
1375 1593 1383 1609 .
1431 1540 1442 1610 .’
1487 1586 1830 1610 .......
1877 1539 1944 1609 134

405 1649 481 1718 138.
529 1646 627 1718 1408.
652 1641 1193 1729 (114184414111144414144.
1827 1699 1831 1707 .

618 1748 783 1823 iudicum
820 1749 1045 1841 quonmdam
1073 1750 1257 1824 decretum
1292 1755 1385 1824 inter
1419 1752 1607 1826 Nicolaum
1641 1752 1832 1845 Strosherg

526 1860 769 1952 praepositum
793 1854 1040 1931 Gncsnensem
1063 1863 1099 1930 41
1122 1860 1318 1951 capitulum
1335 1859 1537 1933 cathedrale
1554 1860 1762 1935 Guesucnsc
1786 1860 1830 1932 de

526 1967 622 2040 viliis
645 1963 861 2057 quibusdam
882 1965 984 2038 litem
1007 1966 1178 2040 dirimens
1199 2017 1830 2042 ............
1878 1971 1945 2042 134

403 2078 480 2148 130.
529 2075 629 2147 1408.
654 2072 712 2146 die
735 2077 791 2146 21.
814 2093 861 2146 m.
885 2076 1052 2166 Augusti,
1072 2077 1110 2148 iu
1132 2077 1340 2148 Podraewie

433 2228 436 2234 -
617 2180 787 2254 hibertus
812 2183 998 2274 episcopus
1021 2180 1273 2256 Posnaniensis
1306 2182 1497 2257 ecclesiam
1527 2182 1770 2278 parochialem
1792 2185 1831 2256 in

445 2323 449 2331 ·
525 2288 611 2361 viiia
632 2290 825 2378 Kapoutan
847 2291 953 2379 erigit
975 2291 1012 2361 et
1034 2287 1134 2362 dotat
1198 2343 1828 2364 ............
1876 2295 1944 2365 148

404 2399 480 2470 140.
528 2399 627 2470 1408.
652 2395 787 2470 (11431.
811 2415 858 2468 m
881 2397 1049 2488 Augusti,
1072 2396 1293 2487 (Posnaniae)
1317 2403 1376 2487 (=
1399 2419 1452 2470 nr.
1477 2402 1568 2488 134).

616 2499 754 2577 Nicolal
778 2502 823 2576 de
846 2503 1041 2577 04444144
1058 2504 1187 2577 iudicis
1202 2509 1380 2579 herrestein
1395 2505 1648 2580 Posnaniensls
1664 2507 1830 2580 aliorum·

435 2685 439 2691 .
525 2631 594 2703 que
616 2609 778 2684 iudicum
807 2610 990 2684 decretum
1021 2613 1115 2685 inter
1136 2612 1309 2686 liathlam
1331 2614 1499 2687 abbatem
1529 2615 1771 2703 hubincusem
1793 2620 1831 2686 et

521 2717 690 2792 Ioannem
713 2718 913 2810 0441441411
936 2717 979 2790 (14
1002 2719 1089 2792 ville
1111 2721 1258 2792 Wioeoie
1278 2721 1381 2794 litem
1403 2720 1600 2794 dirimens.
1648 2777 1657 2794 .
1705 2777 1714 2794 .
1875 2725 1942 2795 140

403 2832 480 2904 141.
528 2829 626 2900 1400.
651 2825 708 2898 (114
735 2829 788 2898 10.
812 2847 859 2898 m.
883 2825 1047 2912 ianuarii,
1071 2825 1279 2902 Posnaniae.
1741 2925 1742 2930 Ν

370 2929 373 2934 ’
615 2931 774 3007 'l'bomeo
798 2933 1016 3010 castellanus
1040 2933 1339 3009 Saudomiriensis
1373 2939 1411 3009 et
1444 2939 1652 3028 capitaneus
1683 2936 1829 3010 Maioris

527 3040 694 3115 Poloniae
709 3045 1026 3115 commutationem
1041 3041 1243 3116 medietatis
1259 3044 1365 3116 villae
1380 3047 1603 3117 Bairorcnica
1617 3063 1690 3117 uno
1701 3061 1829 3118 manso

524 3151 602 3240 agri
623 3149 664 3222 ln
685 3149 951 3234 1444144444,
976 3150 1021 3222 ah
1036 3149 1182 3223 Alberto
1198 3153 1364 3248 episcopo
1378 3151 1613 3227 Posnaniensi
1626 3171 1711 3226 cum
1729 3151 1830 3226 bere-

522 3253 629 3330 dibus
652 3255 697 3329 de
718 3259 942 3330 Bakowaicu
964 3257 1111 3344 iactam,
1134 3263 1250 3332 ratam
1273 3279 1353 3332 esse
1375 3259 1475 3332 iubet
1536 3312 1829 3334 ......
1876 3263 1943 3334 140
2048 3339 2051 3346 ,

113 3457 119 3466 ⁴
242 3369 246 3374 '
401 3363 1283 3452 142.1400.(1142.44.1144444411,Ρ44444144.

614 3471 1011 3546 ’14444444414114444
1036 3471 1334 3548 Sandomiriensis
1377 3479 1413 3548 41
1448 3431 1657 3567 capitaneus
1685 3475 1829 3550 Maioris

520 3579 687 3654 Poloniae
707 3582 1024 3654 commutationem
1037 3580 1241 3654 medietatis
1256 3583 1363 3655 villae
1377 3585 1600 3656 Buhoaonica
1612 3603 1684 3654 uno
1700 3601 1827 3656 manso
1850 3607 1861 3687 j

518 3689 600 3779 'egri
622 3689 662 3760 in
684 3689 823 3760 Krohie
844 3693 959 3772 ctera,
999 3707 1020 3760 a
1055 3687 1208 3762 Smisiao
1246 3695 1283 3762 41
1305 3689 1521 3782 8444414414
1537 3688 1583 3762 (14
1605 3687 1828 3764 8444444144

522 3813 607 3869 eum
627 3794 774 3870 Alberto
798 3797 964 3888 episcopo
986 3794 1222 3870 Posnaniensi
1244 3797 1390 3884 laetam,
1412 3803 1530 3870 ratam
1553 3809 1634 3870 esse
1656 3799 1758 3872 iubet
1817 3854 1827 3871 .
1874 3773 1976 3900 141
2098 3893 2106 3898 ..
2217 3899 2222 3906 ο
2284 3750 2287 3758 ¹

398 3905 478 3976 143.
528 3905 626 3977 1400.
651 3901 709 3976 dle
731 3907 786 3976 28.
811 3921 859 3976 m.
874 3902 1076 3992 Februarii
1099 3905 1296 3980 14141144.

613 4007 833 4083 Wledislaus
855 4009 895 4082 ll.
919 4029 982 4084 rex
1004 4008 1172 4084 Poloniae
1195 4013 1334 4085 civibus
1358 4011 1404 4085 de
1418 4014 1601 4088 Wscirowo
1623 4017 1704 4086 octo
1726 4033 1828 4086 man·

521 4137 581 4220 sos
603 4119 692 4214 agri,
715 4117 862 4190 invilla
883 4119 1094 4208 1144444444
1117 4121 1216 4204 41144,
1240 4119 1380 4194 confert
1421 4173 1429 4189 .
1533 4175 1826 4195 ......
1841 4123 1941 4216 1143

400 4219 478 4298 144.
525 4227 623 4299 1400.
648 4223 784 4298 (11428.
809 4245 856 4298 m.
880 4223 1074 4311 Februarii,
1097 4227 1296 4302 14143144
1333 4288 1336 4294 ,
1460 4234 1462 4238 ’
1664 4261 1671 4268 ·
1842 4226 1847 4236 “

601 4331 835 4406 'Wladlslaus
857 4331 897 4406 11.
921 4353 984 4406 rex
1006 4331 1173 4408 Poloniae
1197 4335 1337 4411 civibus
1372 4333 1629 4409 (1401444444
1651 4335 1829 4428 quasdam

522 4439 622 4531 loges
645 4441 784 4513 coniert
803 4494 1827 4518 ...................
1874 4449 1971 4527 144Ι

394 4551 478 4620 144.
524 4551 623 4621 1400.
648 4545 783 4621 (11424.
808 4568 855 4620 m.
879 4549 1012 4641 Aprilis
1037 4541 1210 4622 Gnesnae.
1749 4557 1751 4564 ’

354 4675 359 4684 ·
500 4703 505 4714 ·
611 4652 749 4728 Nicolal
780 4655 1038 4749 archiepiscopi
1073 4655 1292 4730 Guesnensis
1331 4677 1415 4730 cum
1438 4660 1627 4750 terrigenis
1650 4658 1826 4732 dioecesis

520 4759 739 4838 (lucanensis
763 4761 808 4834 de
831 4763 980 4836 decimis
1003 4763 1194 4836 reddendis
1216 4769 1364 4858 pactum
1421 4819 1825 4841 ........
1873 4772 1939 4842 144

398 4870 476 4940 140.
524 4873 621 4944 1400.
645 4869 784 4944 (11428.
808 4890 856 4943 m.
879 4872 1044 4956 Ianuarii,
1068 4873 1106 4944 in
1129 4875 1263 4944 1141144.
1302 4883 1306 4892 ·

611 4977 780 5052 Nicoisus
804 4978 1093 5071 archiepiscopus
1116 4977 1336 5052 0444444414
1359 4979 1506 5053 Nicoiao
1521 4979 1721 5054 Stresconis
1745 4981 1826 5056 oili-

521 5085 602 5158 41411
625 5089 663 5158 41
684 5085 863 5178 Bogusiao
886 5089 1020 5158 vicario
1043 5089 1082 5158 14
1105 5089 1350 5178 spiritualibus
1375 5088 1643 5161 Gnesnensibus
1666 5089 1825 5177 mandat,

521 5211 568 5265 ne
589 5193 701 5280 litem,
733 5213 843 5286 quam
866 5193 1015 5266 Ioannes
1037 5193 1137 5266 filius
1161 5193 1302 5268 Glinski
1324 5193 1470 5267 Nicolao
1503 5193 1631 5270 ilciker
1654 5195 1826 5272 advocato
1903 5191 1906 5198 ⁴

520 5297 758 5375 Plessevicnsi
780 5301 998 5390 intendebat,
1022 5300 1217 5391 diiudicare
1239 5308 1472 5398 praesumant
1533 5357 1542 5376 .
1590 5359 1597 5378 .
1646 5355 1658 5394 .,
1702 5359 1712 5379 .
1759 5361 1768 5380 .
1815 5360 1825 5380 .
1872 5311 1938 5380 147
2023 5385 2024 5388 Ν
