4668 6352
367 521 435 602 att

374 667 451 802 eoo.
500 731 599 802 1416.
623 725 682 800 dia
705 731 758 802 29.
783 727 919 802 mensis
941 713 1106 816 ianuarii,
1129 730 1167 802 in
1189 719 1369 804 Noskowo.
1508 787 1510 793 .

382 993 396 1032 s
534 943 743 1035 Ninogneus
759 943 803 1016 de
821 943 997 1034 stoclto,
1021 943 1195 1017 scultetus
1210 944 1318 1020 vitiae
1340 947 1520 1032 Nestorea,
1539 948 1741 1020 scultellam
1758 957 1893 1042 eandem

368 1050 520 1124 Mertino
544 1051 759 1145 Copersmed
783 1049 828 1124 de
849 1051 961 1138 Stare,
985 1051 1054 1124 ciri
1078 1049 1285 1126 Gelissiensl
1307 1051 1426 1126 XXVI
1449 1054 1580 1128 marcis
1602 1053 1735 1129 uendit

531 1239 751 1340 innomine
791 1265 937 1339 Domini
975 1243 1104 1339 amem*
1136 1267 1194 1340 Ad
1232 1271 1442 1362 perpetuom
1481 1270 1535 1342 rei
1570 1273 1810 1346 memorium·
1833 1280 1895 1362 Nm

368 1361 544 1448 iohannes
568 1373 614 1446 de
636 1377 826 1464 Rodepceo
849 1375 1043 1447 canonicus
1071 1373 1319 1450 Crotoniensis
1348 1395 1488 1450 necnon
1521 1380 1720 1452 tenutarius
1743 1386 1896 1468 castriso
2052 1446 2059 1468 ‚

373 1480 559 1555 districtus
583 1481 885 1575 Oppatouiensis,.
900 1501 965 1575 per
986 1483 1327 1558 reuerendissimum
1356 1486 1395 1557 ln
1418 1483 1557 1558 Christo
1580 1487 1718 1578 petroni
1741 1491 1779 1561 et
1799 1489 1897 1574 domi.

375 1609 474 1676 num,
506 1588 692 1664 dominum
716 1589 904 1662 Nicolaum
934 1589 1001 1662 Dei
1023 1593 1146 1681 gracia
1168 1597 1292 1666 sancte
1322 1591 1541 1666 Gnoznensis
1569 1593 1717 1666 ecclesie
1740 1597 1896 1697 archieps.

375 1717 525 1792 scopum
562 1695 766 1792 deputatus,
792 1697 1051 1789 'significemus
1074 1703 1196 1772 tenore
1229 1701 1466 1792 presencium,
1499 1700 1628 1792 quibus
1661 1700 1811 1795 expedit,
1832 1715 1897 1788 vni.

362 1808 501 1893 'uersis
525 1805 703 1899 quomodo
723 1807 769 1880 ad
784 1811 945 1880 nostram
968 1805 1420 1899 multommquenobiiium
1443 1828 1487 1881 ao
1508 1807 1737 1902 prouidorum
1752 1813 1895 1895 virorum

370 1914 681 2008 infrascriptorum
703 1916 852 1988 veniens
882 1915 1106 2007 presenciam
1135 1913 1264 1987 nobilis
1288 1914 1497 2006 Ninogneus
1526 1915 1630 1988 heres
1659 1918 1697 1990 in
1721 1919 1896 2014 incesto,

373 2023 549 2095 scultetus
582 2023 621 2094 in
652 2023 739 2096 villa
771 2017 947 2106 Noscowo',
984 2041 1107 2094 mensa
1139 2021 1452 2116 archiepiscopalis
1479 2023 1708 2109 (lucanensis,
1742 2027 1781 2098 in
1813 2027 1897 2106 dicto
1935 2057 1939 2066 ·

369 2129 534 2202 districtu
557 2119 814 2224 Oppatouiensi
830 2131 974 2215 situata
999 2130 1117 2222 ipsem
1132 2129 1342 2202 sculteciam
1361 2149 1466 2204 suem
1489 2131 1623 2206 ibidem
1645 2134 1683 2204 in
1704 2133 1897 2229 Nemees)

373 2257 456 2310 cum
478 2237 647 2310 omnibus
670 2242 708 2310 et
729 2236 958 2328 singulariter
981 2236 1133 2327 singulis
1157 2236 1344 2323 imctibus,
1368 2238 1610 2331 proueniibus,
1638 2239 1848 2316 utilitatibus
1868 2257 1898 2320 at

369 2345 650 2418 obuencionibus
682 2345 871 2429 uniuersis,
904 2341 951 2416 ad
983 2343 1117 2416 dictam
1139 2345 1349 2418 sculteoiam
1379 2345 1644 2436 quomodolibet
1665 2350 1898 2441 spectantibus

371 2460 408 2526 et
429 2452 702 2547 pertinentibus,
725 2471 796 2543 que
817 2451 907 2525 inibi
929 2456 1015 2522 sunt
1037 2456 1074 2524 et
1096 2451 1177 2524 lieri
1198 2457 1352 2546 possunt
1378 2453 1644 2546 quomodolibet
1671 2456 1709 2527 in
1738 2454 1898 2544 futurum,

237 2643 245 2654 ,
372 2560 484 2635 nichil
506 2581 572 2654 pro
594 2581 636 2632 se
658 2564 695 2632 et
717 2558 986 2632 successoribus
1020 2557 1097 2631 'suis
1130 2559 1318 2650 legittimus
1351 2562 1440 2633 iuris
1461 2561 1521 2633 val
1553 2559 1700 2654 dominii
1724 2564 1763 2636 in
1786 2563 1897 2640 eadm

307 2684 312 2692 ·
370 2671 545 2742 sculteeia
565 2667 793 2752 reserumdo,
816 2686 889 2770 non
904 2666 1121 2759 compulsus,
1144 2687 1217 2740 non
1240 2671 1396 2754 coactus,
1420 2688 1487 2740 nec
1500 2689 1565 2763 per
1583 2669 1739 2761 aliquem
1756 2691 1899 2748 errorem

362 2779 555 2863 seductus,
586 2775 650 2848 sed
673 2775 769 2848 bona
791 2777 902 2848 animi
934 2777 993 2846 sui
1026 2777 1294 2848 acumicorum
1328 2795 1476 2848 suorum
1508 2775 1766 2850 deliberacione
1786 2777 1899 2871 preha·

374 2887 461 2972 bita,
484 2884 636 2979 prouldo
658 2886 735 2956 viro
757 2881 910 2955 liertino
933 2879 978 2954 de
1000 2882 1109 2968 Stoa,
1133 2881 1229 2956 dieto
1252 2881 1479 2976 Copersmed‚
1510 2885 1582 2956 ciui
1604 2884 1795 2957 Kalisiansi
1816 2883 1910 2960 iusio'

371 2993 594 3068 vendicionis
617 2991 732 3075 titulo,
755 3009 820 3083 pro
841 2991 971 3080 viginti
1001 3009 1064 3061 sex
1094 2991 1236 3077 merois,
1259 2990 1427 3063 videlicet
1449 2993 1578 3083 viginti
1608 2993 1738 3065 mercis
1771 2999 1900 3065 monete

373 3101 575 3176 communis
599 3103 636 3172 et
658 3099 798 3170 numeri
831 3095 1043 3169 Potonicaiis
1074 3101 1111 3170 et
1139 3117 1202 3170 sex
1232 3100 1365 3171 marcis
1397 3099 1563 3188 [latorum
1592 3101 1808 3190 grossorum]
1829 3099 1900 3172 Pra-

374 3211 552 3302 gensium,
592 3209 631 3280 in
662 3204 858 3300 quamlibet
894 3203 1053 3277 meream
1092 3205 1331 3297 quadraginta
1365 3211 1445 3279 octo
1479 3223 1624 3298 grossos
1663 3206 1900 3301 computando,

375 3320 629 3410 inperpetuum
652 3312 848 3403 [vendidit]‚
883 3313 1071 3405 ipsamque
1094 3315 1221 3406 sponte
1251 3317 1288 3386 et
1316 3333 1414 3386 mere
1440 3316 1648 3405 resignauit
1681 3317 1757 3409 [per
1776 3313 1900 3408 predio

376 3427 468 3516 turn]
496 3423 691 3498 Martinum
723 3425 760 3496 et
793 3439 878 3494 suos
905 3439 1130 3493 successores
1159 3421 1355 3512 legittimos
1377 3421 1591 3508 habendam,
1622 3421 1822 3506 tenendam,
1843 3422 1900 3494 rit·

373 3530 575 3616 truendam,
611 3528 728 3603 etad
761 3521 846 3600 suos
877 3537 965 3600 rsus
1000 3527 1303 3622 beneplacidos(s)
1331 3529 1619 3616 conuertendam,
1652 3533 1759 3623 prout
1784 3528 1902 3601 sibiet

375 3643 452 3714 suis
475 3637 744 3712 successoribus
765 3633 937 3729 predictis
961 3635 1089 3708 melius
1113 3641 1150 3708 et
1171 3637 1295 3708 viuius
1318 3635 1497 3708 ridebitur
1519 3637 1684 3730 expedire
1707 3639 1744 3709 et
1765 3635 1809 3709 de
1831 3654 1928 3708 con·-

376 3769 486 3822 sensu
522 3745 656 3840 prelati
689 3744 835 3828 dommi,
869 3745 994 3832 [nostri
1029 3743 1175 3832 domini]
1211 3743 1348 3818 Niooiai
1380 3745 1637 3839 archiepiscopi
1671 3748 1733 3817 out
1765 3760 1900 3816 auorum

373 3873 623 3929 successorum
646 3850 871 3924 rendendum
888 3854 925 3922 et
947 3849 1249 3937 commutandam,
1273 3857 1379 3945 prout
1401 3872 1466 3924 sue
1489 3857 1526 3924 et
1548 3855 1624 3925 suis
1648 3849 1901 3924 successoribus

374 3963 549 4058 placuerit
570 3960 757 4032 voluntati.
803 3959 960 4030 noctem
991 3959 1093 4030 ouius
1124 3958 1293 4032 scultecie
1323 3962 1401 4052 ipse
1431 3959 1605 4033 Martinus
1637 3965 1673 4032 et
1694 3961 1752 4032 sui
1774 3974 1901 4032 sueces-

375 4092 474 4144 sores
497 4069 589 4142 duos
612 4087 758 4140 mansos
781 4066 922 4152 liberos,
946 4085 1059 4140 vnum
1081 4071 1200 4138 ortum
1223 4067 1388 4138 similiter
1402 4067 1553 4140 liberum
1577 4071 1614 4141 et
1636 4069 1786 4140 tercium
1807 4064 1902 4166 dena·

377 4181 470 4252 rium
492 4179 546 4249 rei
569 4173 760 4248 cuiuslibet
782 4171 948 4259 iudicate,
972 4179 1078 4266 prout
1099 4176 1177 4266 ipso
1200 4174 1408 4265 Ninogneus
1430 4173 1567 4260 habuit,
1598 4177 1714 4248 tenuit
1738 4179 1775 4248 et
1794 4187 1902 4266 posse·

375 4286 437 4372 dit,
462 4283 607 4358 debebit
636 4283 818 4375 perpetuis
853 4281 1072 4374 temporibus
1107 4281 1266 4354 obtinere
1296 4285 1333 4354 et
1361 4281 1503 4355 habere.
1549 4282 1595 4355 Et
1625 4284 1710 4374 quie
1730 4301 1794 4376 per
1816 4279 1902 4351 certo

376 4395 591 4468 documenta
621 4389 822 4474 didicimus,
854 4387 1031 4480 quomodo
1062 4389 1290 4482 priuilegium
1320 4389 1416 4462 dicte
1438 4391 1609 4462 seulteoie
1632 4393 1727 4482 ignis
1750 4381 1919 4478 incendio

375 4505 424 4576 sit
446 4503 711 4591 consumptum,
743 4498 853 4588 igitur
884 4516 930 4568 ne
964 4498 1042 4590 ipse
1065 4495 1231 4569 dontinus
1266 4501 1388 4569 noster
1421 4497 1588 4572 Nicotaus
1625 4498 1902 4591 archiepiscopus

376 4615 439 4684 aut
461 4609 518 4680 sui
542 4603 951 4689 successorescomodis
975 4609 1012 4676 et
1033 4605 1258 4689 utilitatibus,
1282 4605 1441 4695 quesibi
1465 4605 1510 4677 de
1532 4605 1629 4678 dicta
1642 4606 1729 4678 viiia
1749 4605 1902 4676 Nosoowv

376 4717 420 4790 de
453 4719 529 4788 iure
563 4713 698 4786 debent
720 4713 916 4806 prouenire,
953 4710 1193 4798 deiraudetur,
1225 4713 1402 4799 volumus,
1434 4712 1530 4804 quod
1556 4714 1718 4807 prefatus
1741 4709 1902 4784 Manuos

375 4825 550 4898 scultetus
575 4825 611 4894 et
633 4822 691 4892 sui
714 4839 939 4893 successores
969 4819 1111 4892 sculteti
1143 4819 1190 4892 ad
1212 4839 1322 4892 onere
1351 4823 1389 4892 et
1417 4823 1580 4906 seruicia,
1603 4824 1711 4913 prout
1739 4818 1797 4909 ali}
1822 4806 1903 4885 seul·

377 4935 440 5004 teti
465 4931 511 5003 de
533 4929 629 5001 villis
651 4928 746 5000 ultre
779 4929 884 5000 Ketis
907 4926 993 4999 dieti
1029 4927 1163 5000 domini
1195 4930 1308 5000 nostri
1346 4929 1604 5022 archiepiscopi
1638 4919 1903 5000 consistentibus

377 5040 515 5112 iaciunt
538 5041 575 5110 et
598 5041 772 5119 exercent,
797 5037 845 5107 sit
867 5037 1051 5121 astrictus;
1074 5037 1190 5108 incole
1211 5055 1297 5108 vero
1321 5035 1482 5108 eiusdem
1506 5035 1590 5108 viiie
1612 5031 1786 5117 Nos'cowo,
1808 5023 1903 5122 prout

376 5147 493 5220 incole
529 5145 697 5216 villarum
735 5146 931 5232 Biseupice,
972 5145 1174 5216 Trkuszewo
1213 5142 1300 5215 dicti
1339 5141 1474 5216 domini
1498 5142 1755 5235 archiepiscopi
1789 5133 1902 5210 eadem
1973 5214 1974 5218 Ἴ

356 5273 486 5327 Δοινετει
519 5256 556 5326 et
583 5253 738 5324 seruicia
771 5251 995 5336 exercebunt,
1028 5269 1165 5322 necnon
1190 5249 1235 5320 de
1259 5250 1416 5342 quolibet
1448 5271 1574 5322 manso
1598 5249 1710 5322 vnum
1741 5249 1903 5320 fertonem

376 5361 530 5434 letomm
553 5379 771 5450 grossorum,
797 5365 948 5450 quatuor
964 5367 1150 5430 mensuras
1167 5359 1332 5449 siliginis
1357 5357 1447 5430 dues
1471 5378 1659 5430 mensures
1683 5356 1800 5438 tritici,
1823 5347 1904 5419 duas

379 5489 565 5542 mensuras
589 5467 687 5540 ordei
710 5474 748 5539 et
771 5473 923 5558 quotuor
942 5455 1138 5542 'mensures
1169 5485 1294 5553 anone,
1324 5485 1389 5560 per
1415 5485 1478 5538 sex
1501 5485 1646 5556 grossos
1668 5465 1770 5548 letos,
1800 5453 1904 5529 dictos
2068 5561 2078 5582 ι

1984 4737 1997 4896 l

1986 4899 1996 4988 4

2078 3941 2167 4027 sibus
2189 3954 2249 4028 LV
2271 3973 2321 4026 m:

2229 4151 2271 4223 R.
2315 4147 2331 4220 1

2083 4255 2175 4330 bores
2197 4263 2234 4332 in
2256 4259 2284 4331 S
2311 4290 2314 4295 ¹

2086 4361 2239 4453 legittimi
2262 4361 2329 4437 ud

2089 4469 2201 4562 stricgo
2223 4475 2236 4546 i
2259 4473 2334 4563 'lp

2088 4575 2332 4652 Scaodrowslrl

2090 4680 2211 4760 trente.
2257 4683 2312 4760 ud

2093 4795 2299 4886 pnyzwouej
2331 4822 2334 4871 ε

2094 4897 2192 4985 glum,
2214 4899 2328 4992 kaidy

2096 5003 2158 5088 bill,
2179 5013 2326 5080 woenczr

2097 5105 2246 5205 diuinicy
2268 5119 2326 5202 stq

2147 5293 2151 5300 ¹
2247 5308 2333 5366 Archi
