<?xml version="1.0" encoding="UTF-8"?>
<!DOCTYPE html PUBLIC "-//W3C//DTD XHTML 1.0 Transitional//EN"
    "http://www.w3.org/TR/xhtml1/DTD/xhtml1-transitional.dtd">
<html xmlns="http://www.w3.org/1999/xhtml" xml:lang="en" lang="en">
 <head>
  <title>
</title>
<meta http-equiv="Content-Type" content="text/html;charset=utf-8" />
  <meta name='ocr-system' content='tesseract 3.04.00' />
  <meta name='ocr-capabilities' content='ocr_page ocr_carea ocr_par ocr_line ocrx_word'/>
</head>
<body>
  <div class='ocr_page' id='page_1' title='image "./codexdiplomatic06zakrgoog_0152.png"; bbox 0 0 4734 6356; ppageno 0'>
   <div class='ocr_carea' id='block_1_1' title="bbox 250 321 393 520">
    <p class='ocr_par' dir='ltr' id='par_1_1' title="bbox 250 321 393 520">
     <span class='ocr_line' id='line_1_1' title="bbox 250 321 393 520; baseline 0 0"><span class='ocrx_word' id='word_1_1' title='bbox 250 321 393 520; x_wconf 21' lang='lat'><strong>..2</strong></span> 
     </span>
    </p>
   </div>
   <div class='ocr_carea' id='block_1_2' title="bbox 362 580 1904 1011">
    <p class='ocr_par' dir='ltr' id='par_1_2' title="bbox 362 580 1904 1011">
     <span class='ocr_line' id='line_1_2' title="bbox 362 580 1903 691; baseline 0.005 -25"><span class='ocrx_word' id='word_1_2' title='bbox 362 595 481 666; x_wconf 82' lang='lat' dir='ltr'><strong>shown</strong></span> <span class='ocrx_word' id='word_1_3' title='bbox 503 613 568 686; x_wconf 91' lang='lat' dir='ltr'><strong>pro</strong></span> <span class='ocrx_word' id='word_1_4' title='bbox 593 589 842 667; x_wconf 75' lang='lat' dir='ltr'><strong>construendis</strong></span> <span class='ocrx_word' id='word_1_5' title='bbox 866 587 1016 686; x_wconf 82' lang='lat' dir='ltr'><strong>piscinis</strong></span> <span class='ocrx_word' id='word_1_6' title='bbox 1040 611 1185 666; x_wconf 86' lang='lat' dir='ltr'><strong>aronam</strong></span> <span class='ocrx_word' id='word_1_7' title='bbox 1209 610 1319 688; x_wconf 88' lang='lat' dir='ltr'><strong>super</strong></span> <span class='ocrx_word' id='word_1_8' title='bbox 1340 589 1455 686; x_wconf 83' lang='lat' dir='ltr'><strong>ripam</strong></span> <span class='ocrx_word' id='word_1_9' title='bbox 1489 588 1623 668; x_wconf 88' lang='lat' dir='ltr'><strong>domini</strong></span> <span class='ocrx_word' id='word_1_10' title='bbox 1648 580 1903 691; x_wconf 79' lang='lat' dir='ltr'><strong>archiepiscopi</strong></span> 
     </span>
     <span class='ocr_line' id='line_1_3' title="bbox 364 699 1902 798; baseline 0.003 -24"><span class='ocrx_word' id='word_1_11' title='bbox 364 721 491 794; x_wconf 86' lang='lat' dir='ltr'><strong>sapere</strong></span> <span class='ocrx_word' id='word_1_12' title='bbox 514 701 671 787; x_wconf 83' lang='lat' dir='ltr'><strong>valeant,</strong></span> <span class='ocrx_word' id='word_1_13' title='bbox 701 721 842 774; x_wconf 80' lang='lat' dir='ltr'>necnon</span> <span class='ocrx_word' id='word_1_14' title='bbox 865 701 1058 790; x_wconf 82' lang='lat' dir='ltr'><strong>aggeribus</strong></span> <span class='ocrx_word' id='word_1_15' title='bbox 1082 721 1145 793; x_wconf 91' lang='lat' dir='ltr'><strong>pro</strong></span> <span class='ocrx_word' id='word_1_16' title='bbox 1169 699 1417 774; x_wconf 73' lang='lat' dir='ltr'><strong>reformandis.</strong></span> <span class='ocrx_word' id='word_1_17' title='bbox 1463 701 1537 774; x_wconf 90' lang='lat' dir='ltr'><strong>Nos</strong></span> <span class='ocrx_word' id='word_1_18' title='bbox 1571 723 1657 776; x_wconf 93' lang='lat' dir='ltr'><strong>uero</strong></span> <span class='ocrx_word' id='word_1_19' title='bbox 1694 701 1799 774; x_wconf 85' lang='lat' dir='ltr'><strong>iudex</strong></span> <span class='ocrx_word' id='word_1_20' title='bbox 1826 724 1902 798; x_wconf 90' lang='lat' dir='ltr'><strong>pre·</strong></span> 
     </span>
     <span class='ocr_line' id='line_1_4' title="bbox 363 807 1903 901; baseline 0.004 -21"><span class='ocrx_word' id='word_1_21' title='bbox 363 809 481 880; x_wconf 86' lang='lat' dir='ltr'><strong>dietus</strong></span> <span class='ocrx_word' id='word_1_22' title='bbox 503 807 666 882; x_wconf 77' lang='lat' dir='ltr'><strong>seientes</strong></span> <span class='ocrx_word' id='word_1_23' title='bbox 683 809 836 882; x_wconf 82' lang='lat' dir='ltr'><strong>easdem</strong></span> <span class='ocrx_word' id='word_1_24' title='bbox 860 807 973 899; x_wconf 86' lang='lat' dir='ltr'><strong>godes</strong></span> <span class='ocrx_word' id='word_1_25' title='bbox 997 809 1076 880; x_wconf 91' lang='lat' dir='ltr'><strong>siue</strong></span> <span class='ocrx_word' id='word_1_26' title='bbox 1103 808 1237 880; x_wconf 88' lang='lat' dir='ltr'><strong>limites</strong></span> <span class='ocrx_word' id='word_1_27' title='bbox 1272 808 1403 880; x_wconf 88' lang='lat' dir='ltr'><strong>habere</strong></span> <span class='ocrx_word' id='word_1_28' title='bbox 1425 814 1559 900; x_wconf 84' lang='lat' dir='ltr'><strong>grates,</strong></span> <span class='ocrx_word' id='word_1_29' title='bbox 1594 815 1691 884; x_wconf 88' lang='lat' dir='ltr'><strong>ratas</strong></span> <span class='ocrx_word' id='word_1_30' title='bbox 1715 815 1822 901; x_wconf 87' lang='lat' dir='ltr'><strong>eique</strong></span> <span class='ocrx_word' id='word_1_31' title='bbox 1843 811 1903 886; x_wconf 89' lang='lat' dir='ltr'><strong>iir-</strong></span> 
     </span>
     <span class='ocr_line' id='line_1_5' title="bbox 364 915 1904 1011; baseline 0.003 -23"><span class='ocrx_word' id='word_1_32' title='bbox 364 937 454 1002; x_wconf 85' lang='lat' dir='ltr'><strong>mes,</strong></span> <span class='ocrx_word' id='word_1_33' title='bbox 478 915 624 989; x_wconf 86' lang='lat' dir='ltr'><strong>easdem</strong></span> <span class='ocrx_word' id='word_1_34' title='bbox 647 917 875 1011; x_wconf 81' lang='lat' dir='ltr'><strong>presentibus</strong></span> <span class='ocrx_word' id='word_1_35' title='bbox 899 915 1151 1008; x_wconf 83' lang='lat' dir='ltr'><strong>approbamus,</strong></span> <span class='ocrx_word' id='word_1_36' title='bbox 1175 915 1386 988; x_wconf 87' lang='lat' dir='ltr'><strong>rotiieamus</strong></span> <span class='ocrx_word' id='word_1_37' title='bbox 1420 921 1456 988; x_wconf 91' lang='lat' dir='ltr'><strong>et</strong></span> <span class='ocrx_word' id='word_1_38' title='bbox 1490 917 1745 991; x_wconf 80' lang='lat' dir='ltr'><strong>confirmamus</strong></span> <span class='ocrx_word' id='word_1_39' title='bbox 1783 922 1904 994; x_wconf 87' lang='lat' dir='ltr'><strong>tenere</strong></span> 
     </span>
    </p>
   </div>
   <div class='ocr_carea' id='block_1_3' title="bbox 218 1023 1905 1232">
    <p class='ocr_par' dir='ltr' id='par_1_3' title="bbox 218 1023 1905 1232">
     <span class='ocr_line' id='line_1_6' title="bbox 229 1023 1905 1130; baseline 0.002 -32"><span class='ocrx_word' id='word_1_40' title='bbox 229 1055 234 1062; x_wconf 95' lang='lat'>·</span> <span class='ocrx_word' id='word_1_41' title='bbox 362 1029 464 1117; x_wconf 85' lang='lat' dir='ltr'><strong>purte</strong></span> <span class='ocrx_word' id='word_1_42' title='bbox 499 1045 541 1096; x_wconf 85' lang='lat' dir='ltr'><strong>ex</strong></span> <span class='ocrx_word' id='word_1_43' title='bbox 576 1031 728 1118; x_wconf 75' lang='lat' dir='ltr'><strong>ubsque</strong></span> <span class='ocrx_word' id='word_1_44' title='bbox 762 1027 934 1118; x_wconf 88' lang='lat' dir='ltr'><strong>perpetuo</strong></span> <span class='ocrx_word' id='word_1_45' title='bbox 959 1027 995 1096; x_wconf 93' lang='lat' dir='ltr'><strong>et</strong></span> <span class='ocrx_word' id='word_1_46' title='bbox 1017 1025 1055 1096; x_wconf 92' lang='lat' dir='ltr'><strong>in</strong></span> <span class='ocrx_word' id='word_1_47' title='bbox 1079 1043 1182 1096; x_wconf 86' lang='lat' dir='ltr'><strong>ewrn.</strong></span> <span class='ocrx_word' id='word_1_48' title='bbox 1228 1023 1269 1096; x_wconf 90' lang='lat' dir='ltr'><strong>In</strong></span> <span class='ocrx_word' id='word_1_49' title='bbox 1308 1027 1410 1096; x_wconf 88' lang='lat' dir='ltr'><strong>ouius</strong></span> <span class='ocrx_word' id='word_1_50' title='bbox 1445 1027 1500 1130; x_wconf 85' lang='lat' dir='ltr'><strong>rei¹</strong></span> <span class='ocrx_word' id='word_1_51' title='bbox 1519 1028 1768 1100; x_wconf 87' lang='lat' dir='ltr'><strong>testimonium.</strong></span> <span class='ocrx_word' id='word_1_52' title='bbox 1785 1027 1905 1117; x_wconf 81' lang='lat' dir='ltr'><strong>sigilla</strong></span> 
     </span>
     <span class='ocr_line' id='line_1_7' title="bbox 218 1131 1904 1232; baseline 0.002 -28"><span class='ocrx_word' id='word_1_53' title='bbox 218 1183 243 1190; x_wconf 82' lang='lat'><strong>--</strong></span> <span class='ocrx_word' id='word_1_54' title='bbox 363 1137 486 1206; x_wconf 82' lang='lat' dir='ltr'><strong>nostro</strong></span> <span class='ocrx_word' id='word_1_55' title='bbox 522 1133 753 1227; x_wconf 75' lang='lat' dir='ltr'><strong>presentibus</strong></span> <span class='ocrx_word' id='word_1_56' title='bbox 781 1137 868 1206; x_wconf 91' lang='lat' dir='ltr'><strong>sunt</strong></span> <span class='ocrx_word' id='word_1_57' title='bbox 899 1151 1069 1224; x_wconf 83' lang='lat' dir='ltr'><strong>appense.</strong></span> <span class='ocrx_word' id='word_1_58' title='bbox 1115 1134 1248 1204; x_wconf 81' lang='lat' dir='ltr'><strong>Actum</strong></span> <span class='ocrx_word' id='word_1_59' title='bbox 1285 1136 1326 1232; x_wconf 91' lang='lat' dir='ltr'><strong>et</strong></span> <span class='ocrx_word' id='word_1_60' title='bbox 1361 1131 1486 1206; x_wconf 92' lang='lat' dir='ltr'><strong>datum</strong></span> <span class='ocrx_word' id='word_1_61' title='bbox 1524 1135 1630 1206; x_wconf 83' lang='lat' dir='ltr'><strong>ste</strong></span> <span class='ocrx_word' id='word_1_62' title='bbox 1668 1133 1758 1206; x_wconf 82' lang='lat' dir='ltr'><strong>ieris</strong></span> <span class='ocrx_word' id='word_1_63' title='bbox 1779 1135 1904 1224; x_wconf 82' lang='lat' dir='ltr'><strong>quintu</strong></span> 
     </span>
    </p>
   </div>
   <div class='ocr_carea' id='block_1_4' title="bbox 240 1233 1903 1442">
    <p class='ocr_par' dir='ltr' id='par_1_4' title="bbox 240 1233 1903 1442">
     <span class='ocr_line' id='line_1_8' title="bbox 240 1233 1903 1336; baseline 0 -22"><span class='ocrx_word' id='word_1_64' title='bbox 240 1233 291 1292; x_wconf 75' lang='lat'><strong>2&#39;·</strong></span> <span class='ocrx_word' id='word_1_65' title='bbox 363 1245 447 1334; x_wconf 85' lang='lat' dir='ltr'><strong>post</strong></span> <span class='ocrx_word' id='word_1_66' title='bbox 460 1245 614 1314; x_wconf 72' lang='lat' dir='ltr'><strong>oannes</strong></span> <span class='ocrx_word' id='word_1_67' title='bbox 630 1241 845 1336; x_wconf 79' lang='lat' dir='ltr'><strong>Epiphanio,</strong></span> <span class='ocrx_word' id='word_1_68' title='bbox 874 1239 943 1312; x_wconf 90' lang='lat' dir='ltr'><strong>sub</strong></span> <span class='ocrx_word' id='word_1_69' title='bbox 971 1259 1065 1312; x_wconf 87' lang='lat' dir='ltr'><strong>anno</strong></span> <span class='ocrx_word' id='word_1_70' title='bbox 1090 1239 1235 1314; x_wconf 89' lang='lat' dir='ltr'><strong>Domini</strong></span> <span class='ocrx_word' id='word_1_71' title='bbox 1251 1240 1287 1311; x_wconf 86' lang='lat' dir='ltr'><strong>hi</strong></span> <span class='ocrx_word' id='word_1_72' title='bbox 1306 1239 1630 1330; x_wconf 79' lang='lat' dir='ltr'><strong>quadridentisimo.</strong></span> <span class='ocrx_word' id='word_1_73' title='bbox 1676 1241 1903 1316; x_wconf 86' lang='lat' dir='ltr'><strong>Presenttbus</strong></span> 
     </span>
     <span class='ocr_line' id='line_1_9' title="bbox 318 1345 1903 1442; baseline 0.001 -21"><span class='ocrx_word' id='word_1_74' title='bbox 318 1378 323 1387; x_wconf 92' lang='lat'>·</span> <span class='ocrx_word' id='word_1_75' title='bbox 363 1349 794 1441; x_wconf 80' lang='lat' dir='ltr'><strong>shenuis·nobilibnsque</strong></span> <span class='ocrx_word' id='word_1_76' title='bbox 820 1349 919 1434; x_wconf 77' lang='lat' dir='ltr'><strong>viris,</strong></span> <span class='ocrx_word' id='word_1_77' title='bbox 954 1345 1124 1420; x_wconf 90' lang='lat' dir='ltr'><strong>dominis:</strong></span> <span class='ocrx_word' id='word_1_78' title='bbox 1171 1346 1375 1420; x_wconf 85' lang='lat' dir='ltr'><strong>Prendotha</strong></span> <span class='ocrx_word' id='word_1_79' title='bbox 1397 1347 1527 1421; x_wconf 88' lang='lat' dir='ltr'><strong>herede</strong></span> <span class='ocrx_word' id='word_1_80' title='bbox 1550 1348 1595 1422; x_wconf 91' lang='lat' dir='ltr'><strong>de</strong></span> <span class='ocrx_word' id='word_1_81' title='bbox 1618 1349 1794 1435; x_wconf 82' lang='lat' dir='ltr'><strong>Pobedna,</strong></span> <span class='ocrx_word' id='word_1_82' title='bbox 1828 1351 1903 1442; x_wconf 88' lang='lat' dir='ltr'><strong>pin·</strong></span> 
     </span>
    </p>
   </div>
   <div class='ocr_carea' id='block_1_5' title="bbox 159 1433 1904 1552">
    <p class='ocr_par' dir='ltr' id='par_1_5' title="bbox 159 1433 1904 1552">
     <span class='ocr_line' id='line_1_10' title="bbox 159 1433 1904 1552; baseline 0.009 -35"><span class='ocrx_word' id='word_1_83' title='bbox 159 1447 165 1453; x_wconf 82' lang='grc'><strong>’</strong></span> <span class='ocrx_word' id='word_1_84' title='bbox 211 1433 221 1478; x_wconf 72' lang='lat'>⁵</span> <span class='ocrx_word' id='word_1_85' title='bbox 293 1463 322 1472; x_wconf 88' lang='grc'><strong>··</strong></span> <span class='ocrx_word' id='word_1_86' title='bbox 347 1447 472 1530; x_wconf 75' lang='lat' dir='ltr'><strong>&#39;derne</strong></span> <span class='ocrx_word' id='word_1_87' title='bbox 494 1451 662 1544; x_wconf 84' lang='lat' dir='ltr'><strong>Reuehsi,</strong></span> <span class='ocrx_word' id='word_1_88' title='bbox 687 1457 878 1530; x_wconf 80' lang='lat' dir='ltr'><strong>i‘mihisiao</strong></span> <span class='ocrx_word' id='word_1_89' title='bbox 891 1454 981 1528; x_wconf 86' lang='lat' dir='ltr'><strong>eiies</strong></span> <span class='ocrx_word' id='word_1_90' title='bbox 996 1456 1203 1530; x_wconf 78' lang='lat' dir='ltr'><strong>Seeeeesina</strong></span> <span class='ocrx_word' id='word_1_91' title='bbox 1218 1459 1371 1551; x_wconf 84' lang='lat' dir='ltr'><strong>protunc</strong></span> <span class='ocrx_word' id='word_1_92' title='bbox 1386 1458 1572 1550; x_wconf 83' lang='lat' dir='ltr'><strong>capitaneo</strong></span> <span class='ocrx_word' id='word_1_93' title='bbox 1595 1457 1760 1544; x_wconf 84' lang='lat' dir='ltr'><strong>Reuensi,</strong></span> <span class='ocrx_word' id='word_1_94' title='bbox 1776 1456 1904 1552; x_wconf 33' lang='lat' dir='ltr'><strong>‘Wers-</strong></span> 
     </span>
    </p>
   </div>
   <div class='ocr_carea' id='block_1_6' title="bbox 363 1563 1904 1786">
    <p class='ocr_par' dir='ltr' id='par_1_6' title="bbox 363 1563 1904 1786">
     <span class='ocr_line' id='line_1_11' title="bbox 363 1563 1904 1655; baseline 0.003 -19"><span class='ocrx_word' id='word_1_95' title='bbox 363 1585 470 1638; x_wconf 76' lang='lat' dir='ltr'><strong>saone</strong></span> <span class='ocrx_word' id='word_1_96' title='bbox 493 1563 625 1640; x_wconf 90' lang='lat' dir='ltr'><strong>herede</strong></span> <span class='ocrx_word' id='word_1_97' title='bbox 653 1568 699 1639; x_wconf 89' lang='lat' dir='ltr'><strong>de</strong></span> <span class='ocrx_word' id='word_1_98' title='bbox 721 1569 886 1650; x_wconf 78' lang='lat' dir='ltr'><strong>Zelunra,</strong></span> <span class='ocrx_word' id='word_1_99' title='bbox 911 1563 1035 1638; x_wconf 85' lang='lat' dir='ltr'><strong>Slessa</strong></span> <span class='ocrx_word' id='word_1_100' title='bbox 1059 1563 1231 1637; x_wconf 78' lang='lat' dir='ltr'><strong>advocato</strong></span> <span class='ocrx_word' id='word_1_101' title='bbox 1255 1563 1300 1636; x_wconf 91' lang='lat' dir='ltr'><strong>de</strong></span> <span class='ocrx_word' id='word_1_102' title='bbox 1322 1567 1563 1655; x_wconf 63' lang='lat' dir='ltr'><strong>soquentes,</strong></span> <span class='ocrx_word' id='word_1_103' title='bbox 1598 1563 1837 1639; x_wconf 83' lang='lat' dir='ltr'><strong>Swensskone</strong></span> <span class='ocrx_word' id='word_1_104' title='bbox 1859 1565 1904 1640; x_wconf 93' lang='lat' dir='ltr'><strong>de</strong></span> 
     </span>
     <span class='ocr_line' id='line_1_12' title="bbox 363 1671 1902 1786; baseline 0.001 -41"><span class='ocrx_word' id='word_1_105' title='bbox 363 1675 557 1760; x_wconf 81' lang='lat' dir='ltr'><strong>Ossonieee,</strong></span> <span class='ocrx_word' id='word_1_106' title='bbox 581 1675 772 1768; x_wconf 82' lang='lat' dir='ltr'><strong>Stagnewo</strong></span> <span class='ocrx_word' id='word_1_107' title='bbox 795 1671 926 1746; x_wconf 89' lang='lat' dir='ltr'><strong>herede</strong></span> <span class='ocrx_word' id='word_1_108' title='bbox 950 1672 995 1745; x_wconf 92' lang='lat' dir='ltr'><strong>de</strong></span> <span class='ocrx_word' id='word_1_109' title='bbox 1019 1675 1208 1746; x_wconf 83' lang='lat' dir='ltr'><strong>Giucbowo</strong></span> <span class='ocrx_word' id='word_1_110' title='bbox 1231 1677 1269 1744; x_wconf 91' lang='lat' dir='ltr'><strong>et</strong></span> <span class='ocrx_word' id='word_1_111' title='bbox 1292 1673 1373 1765; x_wconf 87' lang='lat' dir='ltr'><strong>eiijs</strong></span> <span class='ocrx_word' id='word_1_112' title='bbox 1389 1673 1677 1786; x_wconf 84' lang='lat' dir='ltr'><strong>quamplurimis</strong></span> <span class='ocrx_word' id='word_1_113' title='bbox 1700 1671 1902 1764; x_wconf 85' lang='lat' dir='ltr'><strong>iidedignis.</strong></span> 
     </span>
    </p>
   </div>
   <div class='ocr_carea' id='block_1_7' title="bbox 360 1857 1904 2219">
    <p class='ocr_par' dir='ltr' id='par_1_7' title="bbox 360 1857 1904 2219">
     <span class='ocr_line' id='line_1_13' title="bbox 399 1857 1903 1948; baseline -0.001 -17"><span class='ocrx_word' id='word_1_114' title='bbox 399 1857 402 1864; x_wconf 42' lang='lat'><strong>⁴</strong></span> <span class='ocrx_word' id='word_1_115' title='bbox 524 1871 693 1930; x_wconf 82' lang='lat' dir='ltr'><strong>Dokument</strong></span> <span class='ocrx_word' id='word_1_116' title='bbox 710 1870 930 1948; x_wconf 69' lang='lat' dir='ltr'><strong>pergenium,</strong></span> <span class='ocrx_word' id='word_1_117' title='bbox 954 1869 1157 1944; x_wconf 77' lang='lat' dir='ltr'><strong>pneshownny</strong></span> <span class='ocrx_word' id='word_1_118' title='bbox 1176 1887 1201 1927; x_wconf 87' lang='grc' dir='ltr'><strong>ιι</strong></span> <span class='ocrx_word' id='word_1_119' title='bbox 1219 1869 1373 1928; x_wconf 72' lang='lat' dir='ltr'><strong>oxubiorum</strong></span> <span class='ocrx_word' id='word_1_120' title='bbox 1404 1869 1534 1944; x_wconf 74' lang='lat' dir='ltr'><strong>hpitniy</strong></span> <span class='ocrx_word' id='word_1_121' title='bbox 1562 1869 1797 1946; x_wconf 74' lang='lat' dir='ltr'><strong>metropoliislnei</strong></span> <span class='ocrx_word' id='word_1_122' title='bbox 1825 1871 1903 1945; x_wconf 67' lang='lat' dir='ltr'><strong>gnie-</strong></span> 
     </span>
     <span class='ocr_line' id='line_1_14' title="bbox 362 1957 1902 2036; baseline 0.001 -20"><span class='ocrx_word' id='word_1_123' title='bbox 362 1959 516 2032; x_wconf 77' lang='lat' dir='ltr'><strong>inierishiei</strong></span> <span class='ocrx_word' id='word_1_124' title='bbox 536 1961 586 2034; x_wconf 73' lang='lat' dir='ltr'><strong>(bi.</strong></span> <span class='ocrx_word' id='word_1_125' title='bbox 604 1962 682 2036; x_wconf 74' lang='lat'><strong>268),</strong></span> <span class='ocrx_word' id='word_1_126' title='bbox 709 1969 863 2036; x_wconf 74' lang='lat' dir='ltr'><strong>opsuzony</strong></span> <span class='ocrx_word' id='word_1_127' title='bbox 881 1959 932 2034; x_wconf 76' lang='lat' dir='ltr'><strong>byi</strong></span> <span class='ocrx_word' id='word_1_128' title='bbox 959 1959 1124 2034; x_wconf 73' lang='lat' dir='ltr'><strong>piemotnie</strong></span> <span class='ocrx_word' id='word_1_129' title='bbox 1151 1957 1272 2018; x_wconf 68' lang='lat' dir='ltr'><strong>drieme</strong></span> <span class='ocrx_word' id='word_1_130' title='bbox 1298 1959 1486 2034; x_wconf 80' lang='lat' dir='ltr'><strong>pieezeeinmi,</strong></span> <span class='ocrx_word' id='word_1_131' title='bbox 1513 1977 1551 2034; x_wconf 89' lang='lat' dir='ltr'><strong>po</strong></span> <span class='ocrx_word' id='word_1_132' title='bbox 1577 1959 1699 2034; x_wconf 81' lang='lat' dir='ltr'><strong>ktdrysh</strong></span> <span class='ocrx_word' id='word_1_133' title='bbox 1724 1959 1805 2034; x_wconf 77' lang='lat' dir='ltr'><strong>iyiko</strong></span> <span class='ocrx_word' id='word_1_134' title='bbox 1822 1961 1902 2036; x_wconf 79' lang='lat' dir='ltr'><strong>pnkt</strong></span> 
     </span>
     <span class='ocr_line' id='line_1_15' title="bbox 361 2047 1904 2130; baseline -0.001 -22"><span class='ocrx_word' id='word_1_135' title='bbox 361 2053 569 2126; x_wconf 71' lang='lat' dir='ltr'><strong>pergsminovs</strong></span> <span class='ocrx_word' id='word_1_136' title='bbox 582 2051 737 2128; x_wconf 75' lang='lat' dir='ltr'><strong>ponosteiy.</strong></span> <span class='ocrx_word' id='word_1_137' title='bbox 774 2051 941 2130; x_wconf 28' lang='lat' dir='ltr'><strong>Poleunnie</strong></span> <span class='ocrx_word' id='word_1_138' title='bbox 959 2047 1109 2120; x_wconf 72' lang='lat' dir='ltr'><strong>admeowei</strong></span> <span class='ocrx_word' id='word_1_139' title='bbox 1128 2049 1245 2124; x_wconf 76' lang='lat' dir='ltr'><strong>sspisirs</strong></span> <span class='ocrx_word' id='word_1_140' title='bbox 1261 2067 1277 2107; x_wconf 85' lang='grc' dir='ltr'><strong>ι</strong></span> <span class='ocrx_word' id='word_1_141' title='bbox 1295 2049 1355 2108; x_wconf 88' lang='lat' dir='ltr'><strong>XV</strong></span> <span class='ocrx_word' id='word_1_142' title='bbox 1373 2048 1477 2106; x_wconf 76' lang='lat' dir='ltr'><strong>meru:</strong></span> <span class='ocrx_word' id='word_1_143' title='bbox 1514 2049 1611 2106; x_wconf 74' lang='lat' dir='ltr'><strong>iiten</strong></span> <span class='ocrx_word' id='word_1_144' title='bbox 1633 2050 1813 2107; x_wconf 71' lang='lat' dir='ltr'><strong>iimiucionis</strong></span> <span class='ocrx_word' id='word_1_145' title='bbox 1832 2051 1904 2108; x_wconf 82' lang='lat' dir='ltr'><strong>inter</strong></span> 
     </span>
     <span class='ocr_line' id='line_1_16' title="bbox 360 2137 1904 2219; baseline 0.002 -21"><span class='ocrx_word' id='word_1_146' title='bbox 360 2141 445 2198; x_wconf 74' lang='lat' dir='ltr'><strong>vitiu</strong></span> <span class='ocrx_word' id='word_1_147' title='bbox 466 2142 618 2212; x_wconf 70' lang='lat' dir='ltr'><strong>diachones,</strong></span> <span class='ocrx_word' id='word_1_148' title='bbox 637 2143 736 2200; x_wconf 79' lang='lat' dir='ltr'><strong>Ztotlee</strong></span> <span class='ocrx_word' id='word_1_149' title='bbox 752 2140 843 2200; x_wconf 72' lang='lat' dir='ltr'><strong>sienis</strong></span> <span class='ocrx_word' id='word_1_150' title='bbox 861 2138 1146 2214; x_wconf 76' lang='lat' dir='ltr'><strong>Squinryerriceensis</strong></span> <span class='ocrx_word' id='word_1_151' title='bbox 1163 2157 1228 2198; x_wconf 85' lang='lat' dir='ltr'><strong>eum</strong></span> <span class='ocrx_word' id='word_1_152' title='bbox 1246 2139 1391 2198; x_wconf 78' lang='lat' dir='ltr'><strong>ndniiibus</strong></span> <span class='ocrx_word' id='word_1_153' title='bbox 1418 2145 1447 2196; x_wconf 84' lang='lat' dir='ltr'><strong>st</strong></span> <span class='ocrx_word' id='word_1_154' title='bbox 1468 2139 1593 2219; x_wconf 77' lang='lat' dir='ltr'><strong>ipsoram</strong></span> <span class='ocrx_word' id='word_1_155' title='bbox 1619 2139 1689 2198; x_wconf 79' lang='lat' dir='ltr'><strong>vitu</strong></span> <span class='ocrx_word' id='word_1_156' title='bbox 1714 2137 1750 2197; x_wconf 88' lang='lat' dir='ltr'><strong>de</strong></span> <span class='ocrx_word' id='word_1_157' title='bbox 1766 2139 1904 2201; x_wconf 70' lang='lat' dir='ltr'><strong>behem.</strong></span> 
     </span>
    </p>
   </div>
   <div class='ocr_carea' id='block_1_8' title="bbox 284 2299 1903 2832">
    <p class='ocr_par' dir='ltr' id='par_1_8' title="bbox 524 2299 1868 2466">
     <span class='ocr_line' id='line_1_17' title="bbox 524 2299 1868 2377; baseline 0 -16"><span class='ocrx_word' id='word_1_158' title='bbox 524 2305 547 2377; x_wconf 85' lang='lat'><strong>¹)</strong></span> <span class='ocrx_word' id='word_1_159' title='bbox 565 2305 647 2361; x_wconf 65' lang='lat' dir='ltr'><strong>Rota</strong></span> <span class='ocrx_word' id='word_1_160' title='bbox 664 2301 732 2360; x_wconf 72' lang='lat' dir='ltr'><strong>niet</strong></span> <span class='ocrx_word' id='word_1_161' title='bbox 751 2321 776 2359; x_wconf 82' lang='grc' dir='ltr'><strong>ιι</strong></span> <span class='ocrx_word' id='word_1_162' title='bbox 794 2301 856 2373; x_wconf 77' lang='lat' dir='ltr'><strong>nei.</strong></span> <span class='ocrx_word' id='word_1_163' title='bbox 875 2299 1110 2370; x_wconf 73' lang='lat' dir='ltr'><strong>mazovieskiem,</strong></span> <span class='ocrx_word' id='word_1_164' title='bbox 1128 2318 1200 2376; x_wconf 78' lang='lat' dir='ltr'><strong>pon.</strong></span> <span class='ocrx_word' id='word_1_165' title='bbox 1219 2300 1359 2370; x_wconf 67' lang='lat' dir='ltr'><strong>nesebin,</strong></span> <span class='ocrx_word' id='word_1_166' title='bbox 1377 2318 1438 2376; x_wconf 79' lang='lat' dir='ltr'><strong>per.</strong></span> <span class='ocrx_word' id='word_1_167' title='bbox 1457 2301 1620 2376; x_wconf 69' lang='lat' dir='ltr'><strong>Bognnpoe</strong></span> <span class='ocrx_word' id='word_1_168' title='bbox 1638 2301 1704 2360; x_wconf 74' lang='lat' dir='ltr'><strong>sibe</strong></span> <span class='ocrx_word' id='word_1_169' title='bbox 1721 2300 1868 2362; x_wconf 71' lang='lat' dir='ltr'><strong>sinente.</strong></span> 
     </span>
     <span class='ocr_line' id='line_1_18' title="bbox 524 2389 1644 2466; baseline -0.003 -15"><span class='ocrx_word' id='word_1_170' title='bbox 524 2393 744 2451; x_wconf 67' lang='lat' dir='ltr'><strong>Miieehesieuiee</strong></span> <span class='ocrx_word' id='word_1_171' title='bbox 761 2391 827 2450; x_wconf 73' lang='lat' dir='ltr'><strong>miei</strong></span> <span class='ocrx_word' id='word_1_172' title='bbox 845 2408 871 2448; x_wconf 83' lang='grc' dir='ltr'><strong>ιι</strong></span> <span class='ocrx_word' id='word_1_173' title='bbox 889 2396 979 2448; x_wconf 74' lang='lat' dir='ltr'><strong>terune</strong></span> <span class='ocrx_word' id='word_1_174' title='bbox 996 2389 1211 2461; x_wconf 73' lang='lat' dir='ltr'><strong>noienbdrtwie</strong></span> <span class='ocrx_word' id='word_1_175' title='bbox 1229 2392 1238 2448; x_wconf 94' lang='lat' dir='ltr'><strong>i</strong></span> <span class='ocrx_word' id='word_1_176' title='bbox 1257 2391 1400 2466; x_wconf 83' lang='lat' dir='ltr'><strong>powieeie,</strong></span> <span class='ocrx_word' id='word_1_177' title='bbox 1418 2408 1477 2466; x_wconf 76' lang='lat' dir='ltr'><strong>per.</strong></span> <span class='ocrx_word' id='word_1_178' title='bbox 1497 2389 1644 2450; x_wconf 76' lang='lat' dir='ltr'><strong>Ginehdn.</strong></span> 
     </span>
    </p>

    <p class='ocr_par' dir='ltr' id='par_1_9' title="bbox 284 2479 1717 2568">
     <span class='ocr_line' id='line_1_19' title="bbox 284 2479 1717 2568; baseline -0.002 -27"><span class='ocrx_word' id='word_1_179' title='bbox 284 2557 292 2568; x_wconf 95' lang='lat'><strong><em>.</em></strong></span> <span class='ocrx_word' id='word_1_180' title='bbox 423 2487 426 2492; x_wconf 73' lang='grc'>“</span> <span class='ocrx_word' id='word_1_181' title='bbox 526 2485 660 2542; x_wconf 59' lang='lat' dir='ltr'><strong>omine</strong></span> <span class='ocrx_word' id='word_1_182' title='bbox 677 2481 744 2540; x_wconf 72' lang='lat' dir='ltr'><strong>wisi</strong></span> <span class='ocrx_word' id='word_1_183' title='bbox 762 2481 922 2556; x_wconf 71' lang='lat' dir='ltr'><strong>perstiuirm</strong></span> <span class='ocrx_word' id='word_1_184' title='bbox 939 2498 964 2538; x_wconf 87' lang='grc' dir='ltr'><strong>ιι</strong></span> <span class='ocrx_word' id='word_1_185' title='bbox 982 2485 1075 2548; x_wconf 69' lang='grc' dir='ltr'><strong>ιιιιιιὶι1</strong></span> <span class='ocrx_word' id='word_1_186' title='bbox 1089 2479 1303 2552; x_wconf 72' lang='lat' dir='ltr'><strong>woievddztwie</strong></span> <span class='ocrx_word' id='word_1_187' title='bbox 1320 2482 1330 2537; x_wconf 89' lang='lat' dir='ltr'><strong>i</strong></span> <span class='ocrx_word' id='word_1_188' title='bbox 1349 2481 1490 2556; x_wconf 67' lang='lat' dir='ltr'><strong>pemissio.</strong></span> <span class='ocrx_word' id='word_1_189' title='bbox 1712 2485 1717 2490; x_wconf 89' lang='lat'>&#39;</span> 
     </span>
    </p>

    <p class='ocr_par' dir='ltr' id='par_1_10' title="bbox 355 2557 1903 2832">
     <span class='ocr_line' id='line_1_20' title="bbox 355 2557 1903 2644; baseline -0.002 -13"><span class='ocrx_word' id='word_1_190' title='bbox 355 2604 360 2612; x_wconf 92' lang='lat'><strong>·</strong></span> <span class='ocrx_word' id='word_1_191' title='bbox 525 2573 648 2636; x_wconf 67' lang='lat' dir='ltr'><strong>heiste.</strong></span> <span class='ocrx_word' id='word_1_192' title='bbox 686 2573 769 2630; x_wconf 78' lang='lat' dir='ltr'><strong>Dwie</strong></span> <span class='ocrx_word' id='word_1_193' title='bbox 786 2590 817 2642; x_wconf 71' lang='lat' dir='ltr'><strong>en</strong></span> <span class='ocrx_word' id='word_1_194' title='bbox 835 2571 902 2628; x_wconf 75' lang='lat' dir='ltr'><strong>onie</strong></span> <span class='ocrx_word' id='word_1_195' title='bbox 929 2571 966 2640; x_wconf 79' lang='lat' dir='ltr'><strong>tei</strong></span> <span class='ocrx_word' id='word_1_196' title='bbox 995 2587 1094 2644; x_wconf 69' lang='lat' dir='ltr'><strong>nazary</strong></span> <span class='ocrx_word' id='word_1_197' title='bbox 1111 2588 1136 2628; x_wconf 87' lang='grc' dir='ltr'><strong>ιι</strong></span> <span class='ocrx_word' id='word_1_198' title='bbox 1154 2571 1216 2641; x_wconf 76' lang='lat' dir='ltr'><strong>voi.</strong></span> <span class='ocrx_word' id='word_1_199' title='bbox 1235 2557 1561 2640; x_wconf 64' lang='lat' dir='ltr'><strong>memorieckiem,&#39;obie</strong></span> <span class='ocrx_word' id='word_1_200' title='bbox 1578 2587 1603 2627; x_wconf 87' lang='grc' dir='ltr'><strong>ιι</strong></span> <span class='ocrx_word' id='word_1_201' title='bbox 1620 2587 1692 2644; x_wconf 78' lang='lat' dir='ltr'><strong>porr.</strong></span> <span class='ocrx_word' id='word_1_202' title='bbox 1709 2569 1903 2641; x_wconf 76' lang='lat' dir='ltr'><strong>bnesirtekim,</strong></span> 
     </span>
     <span class='ocr_line' id='line_1_21' title="bbox 360 2652 1903 2740; baseline 0 -20"><span class='ocrx_word' id='word_1_203' title='bbox 360 2679 421 2738; x_wconf 82' lang='lat' dir='ltr'><strong>per.</strong></span> <span class='ocrx_word' id='word_1_204' title='bbox 439 2652 620 2720; x_wconf 75' lang='lat' dir='ltr'><strong>Zeioehiinek</strong></span> <span class='ocrx_word' id='word_1_205' title='bbox 637 2665 782 2738; x_wconf 65' lang='lat' dir='ltr'><strong>puerone,</strong></span> <span class='ocrx_word' id='word_1_206' title='bbox 806 2661 891 2732; x_wconf 74' lang='lat' dir='ltr'><strong>jedna</strong></span> <span class='ocrx_word' id='word_1_207' title='bbox 908 2662 995 2740; x_wconf 60' lang='lat' dir='ltr'><strong>genie</strong></span> <span class='ocrx_word' id='word_1_208' title='bbox 1026 2661 1067 2731; x_wconf 72' lang='lat' dir='ltr'><strong>eie</strong></span> <span class='ocrx_word' id='word_1_209' title='bbox 1085 2661 1217 2730; x_wconf 58' lang='lat' dir='ltr'><strong>Irdehdm</strong></span> <span class='ocrx_word' id='word_1_210' title='bbox 1248 2659 1340 2734; x_wconf 73' lang='lat' dir='ltr'><strong>dmgs</strong></span> <span class='ocrx_word' id='word_1_211' title='bbox 1370 2660 1529 2718; x_wconf 77' lang='lat' dir='ltr'><strong>Insbbnek</strong></span> <span class='ocrx_word' id='word_1_212' title='bbox 1561 2661 1632 2734; x_wconf 72' lang='lat' dir='ltr'><strong>cepti</strong></span> <span class='ocrx_word' id='word_1_213' title='bbox 1665 2659 1787 2718; x_wconf 71' lang='lat' dir='ltr'><strong>naeuos</strong></span> <span class='ocrx_word' id='word_1_214' title='bbox 1817 2661 1903 2734; x_wconf 72' lang='lat' dir='ltr'><strong>mety.</strong></span> 
     </span>
     <span class='ocr_line' id='line_1_22' title="bbox 363 2750 1619 2832; baseline 0 -22"><span class='ocrx_word' id='word_1_215' title='bbox 363 2754 399 2826; x_wconf 84' lang='lat' dir='ltr'>W</span> <span class='ocrx_word' id='word_1_216' title='bbox 418 2754 585 2827; x_wconf 80' lang='lat' dir='ltr'><strong>ninieiszym</strong></span> <span class='ocrx_word' id='word_1_217' title='bbox 599 2753 763 2828; x_wconf 72' lang='lat' dir='ltr'><strong>przyviieju</strong></span> <span class='ocrx_word' id='word_1_218' title='bbox 779 2751 836 2823; x_wconf 81' lang='lat' dir='ltr'><strong>ieet</strong></span> <span class='ocrx_word' id='word_1_219' title='bbox 848 2767 944 2832; x_wconf 37' lang='lat' dir='ltr'><strong>&#39;mone</strong></span> <span class='ocrx_word' id='word_1_220' title='bbox 961 2750 1123 2832; x_wconf 75' lang='lat' dir='ltr'><strong>oszyrriioie</strong></span> <span class='ocrx_word' id='word_1_221' title='bbox 1140 2768 1159 2810; x_wconf 89' lang='grc' dir='ltr'>ο</span> <span class='ocrx_word' id='word_1_222' title='bbox 1177 2751 1328 2810; x_wconf 65' lang='lat' dir='ltr'><strong>bebonis</strong></span> <span class='ocrx_word' id='word_1_223' title='bbox 1346 2751 1394 2809; x_wconf 85' lang='lat' dir='ltr'><strong>nie</strong></span> <span class='ocrx_word' id='word_1_224' title='bbox 1410 2768 1429 2808; x_wconf 91' lang='lat' dir='ltr'><strong>o</strong></span> <span class='ocrx_word' id='word_1_225' title='bbox 1447 2750 1619 2810; x_wconf 64' lang='lat' dir='ltr'><strong>menteka.</strong></span> 
     </span>
    </p>
   </div>
   <div class='ocr_carea' id='block_1_9' title="bbox 361 3075 1281 3189">
    <p class='ocr_par' dir='ltr' id='par_1_11' title="bbox 361 3075 1281 3189">
     <span class='ocr_line' id='line_1_23' title="bbox 361 3075 1281 3189; baseline -0.004 -39"><span class='ocrx_word' id='word_1_226' title='bbox 361 3083 393 3150; x_wconf 83' lang='lat'><strong>2.</strong></span> <span class='ocrx_word' id='word_1_227' title='bbox 442 3075 623 3189; x_wconf 55' lang='lat' dir='ltr'><strong>14003die</strong></span> <span class='ocrx_word' id='word_1_228' title='bbox 646 3081 700 3150; x_wconf 85' lang='lat'><strong>28.</strong></span> <span class='ocrx_word' id='word_1_229' title='bbox 726 3077 860 3169; x_wconf 82' lang='lat' dir='ltr'><strong>mensis</strong></span> <span class='ocrx_word' id='word_1_230' title='bbox 883 3075 1049 3182; x_wconf 85' lang='lat' dir='ltr'><strong>Ianuarii,</strong></span> <span class='ocrx_word' id='word_1_231' title='bbox 1073 3075 1281 3149; x_wconf 82' lang='lat' dir='ltr'><strong>Posnaniee.</strong></span> 
     </span>
    </p>
   </div>
   <div class='ocr_carea' id='block_1_10' title="bbox 361 3271 1903 3585">
    <p class='ocr_par' dir='ltr' id='par_1_12' title="bbox 361 3271 1903 3585">
     <span class='ocr_line' id='line_1_24' title="bbox 478 3271 1903 3368; baseline -0.002 -21"><span class='ocrx_word' id='word_1_232' title='bbox 478 3328 480 3332; x_wconf 25' lang='grc' dir='ltr'><em>ψ</em></span> <span class='ocrx_word' id='word_1_233' title='bbox 528 3274 743 3348; x_wconf 85' lang='lat' dir='ltr'><strong>&#39;ihomeonis</strong></span> <span class='ocrx_word' id='word_1_234' title='bbox 760 3274 940 3368; x_wconf 81' lang='lat' dir='ltr'><strong>capitanei</strong></span> <span class='ocrx_word' id='word_1_235' title='bbox 963 3273 1108 3346; x_wconf 89' lang='lat' dir='ltr'><strong>hieioris</strong></span> <span class='ocrx_word' id='word_1_236' title='bbox 1124 3272 1291 3345; x_wconf 87' lang='lat' dir='ltr'><strong>Poloniae</strong></span> <span class='ocrx_word' id='word_1_237' title='bbox 1306 3272 1483 3363; x_wconf 85' lang='lat' dir='ltr'><strong>generetis</strong></span> <span class='ocrx_word' id='word_1_238' title='bbox 1500 3272 1722 3363; x_wconf 81' lang='lat' dir='ltr'><strong>aliorumque</strong></span> <span class='ocrx_word' id='word_1_239' title='bbox 1743 3271 1903 3346; x_wconf 85' lang='lat' dir='ltr'><strong>iudicum</strong></span> 
     </span>
     <span class='ocr_line' id='line_1_25' title="bbox 361 3381 1903 3585; baseline -0.002 -130"><span class='ocrx_word' id='word_1_240' title='bbox 361 3383 737 3585; x_wconf 47' lang='lat' dir='ltr'><strong>ggpmretffigggolao</strong></span> <span class='ocrx_word' id='word_1_241' title='bbox 762 3385 929 3512; x_wconf 86' lang='lat' dir='ltr'><strong>episcopo</strong></span> <span class='ocrx_word' id='word_1_242' title='bbox 952 3381 1187 3454; x_wconf 84' lang='lat' dir='ltr'><strong>Posnaniensi</strong></span> <span class='ocrx_word' id='word_1_243' title='bbox 1211 3385 1377 3532; x_wconf 86' lang='lat' dir='ltr'><strong>quartum</strong></span> <span class='ocrx_word' id='word_1_244' title='bbox 1400 3385 1540 3474; x_wconf 86' lang='lat' dir='ltr'><strong>partem</strong></span> <span class='ocrx_word' id='word_1_245' title='bbox 1573 3381 1681 3454; x_wconf 79' lang='lat' dir='ltr'><strong>villae</strong></span> <span class='ocrx_word' id='word_1_246' title='bbox 1709 3381 1903 3454; x_wconf 80' lang='lat' dir='ltr'><strong>Ohwnliho·</strong></span> 
     </span>
    </p>
   </div>
   <div class='ocr_carea' id='block_1_11' title="bbox 523 3685 1954 3782">
    <p class='ocr_par' dir='ltr' id='par_1_13' title="bbox 523 3685 1954 3782">
     <span class='ocr_line' id='line_1_26' title="bbox 523 3685 1954 3782; baseline -0.006 -21"><span class='ocrx_word' id='word_1_247' title='bbox 523 3689 562 3761; x_wconf 85' lang='lat' dir='ltr'><strong>R.</strong></span> <span class='ocrx_word' id='word_1_248' title='bbox 610 3688 802 3762; x_wconf 85' lang='lat' dir='ltr'><strong>Senteneis</strong></span> <span class='ocrx_word' id='word_1_249' title='bbox 824 3687 1022 3760; x_wconf 86' lang='lat' dir='ltr'><strong>diisrnitiue</strong></span> <span class='ocrx_word' id='word_1_250' title='bbox 1044 3693 1209 3782; x_wconf 83' lang='lat' dir='ltr'><strong>respeetu</strong></span> <span class='ocrx_word' id='word_1_251' title='bbox 1233 3691 1358 3778; x_wconf 87' lang='lat' dir='ltr'><strong>quarte</strong></span> <span class='ocrx_word' id='word_1_252' title='bbox 1384 3688 1497 3779; x_wconf 86' lang='lat' dir='ltr'><strong>partis</strong></span> <span class='ocrx_word' id='word_1_253' title='bbox 1520 3685 1729 3758; x_wconf 77' lang='lat' dir='ltr'><strong>hereditatis</strong></span> <span class='ocrx_word' id='word_1_254' title='bbox 1752 3687 1901 3760; x_wconf 65' lang='lat' dir='ltr'><strong>thati</strong></span> <span class='ocrx_word' id='word_1_255' title='bbox 1946 3739 1954 3752; x_wconf 93' lang='lat'><em>.</em></span> 
     </span>
    </p>
   </div>
   <div class='ocr_carea' id='block_1_12' title="bbox 357 3795 1902 4428">
    <p class='ocr_par' dir='ltr' id='par_1_14' title="bbox 357 3795 1902 4428">
     <span class='ocr_line' id='line_1_27' title="bbox 358 3795 1901 3888; baseline -0.005 -16"><span class='ocrx_word' id='word_1_256' title='bbox 358 3819 458 3888; x_wconf 80' lang='lat' dir='ltr'><strong>sepes</strong></span> <span class='ocrx_word' id='word_1_257' title='bbox 481 3817 546 3869; x_wconf 91' lang='lat' dir='ltr'><strong>seu</strong></span> <span class='ocrx_word' id='word_1_258' title='bbox 570 3797 860 3886; x_wconf 78' lang='lat' dir='ltr'><strong>Obroaliboporoo,</strong></span> <span class='ocrx_word' id='word_1_259' title='bbox 897 3795 943 3868; x_wconf 86' lang='lat' dir='ltr'><strong>ad</strong></span> <span class='ocrx_word' id='word_1_260' title='bbox 967 3796 1156 3868; x_wconf 80' lang='lat' dir='ltr'><strong>ecelesiam</strong></span> <span class='ocrx_word' id='word_1_261' title='bbox 1187 3795 1467 3867; x_wconf 89' lang='lat' dir='ltr'><strong>Posnaniensem</strong></span> <span class='ocrx_word' id='word_1_262' title='bbox 1490 3797 1697 3886; x_wconf 85' lang='lat' dir='ltr'><strong>spectantis,</strong></span> <span class='ocrx_word' id='word_1_263' title='bbox 1732 3814 1775 3866; x_wconf 84' lang='lat' dir='ltr'><strong>ex</strong></span> <span class='ocrx_word' id='word_1_264' title='bbox 1797 3796 1901 3886; x_wconf 88' lang='lat' dir='ltr'><strong>serijs</strong></span> 
     </span>
     <span class='ocr_line' id='line_1_28' title="bbox 360 3901 1902 4001; baseline -0.003 -23"><span class='ocrx_word' id='word_1_265' title='bbox 360 3909 523 4001; x_wconf 87' lang='lat' dir='ltr'><strong>parcium</strong></span> <span class='ocrx_word' id='word_1_266' title='bbox 541 3905 796 3996; x_wconf 80' lang='lat' dir='ltr'><strong>conhouersijs</strong></span> <span class='ocrx_word' id='word_1_267' title='bbox 808 3905 846 3975; x_wconf 91' lang='lat' dir='ltr'><strong>in</strong></span> <span class='ocrx_word' id='word_1_268' title='bbox 858 3906 1011 3976; x_wconf 90' lang='lat' dir='ltr'><strong>summis</strong></span> <span class='ocrx_word' id='word_1_269' title='bbox 1025 3909 1061 3974; x_wconf 88' lang='lat' dir='ltr'><strong>et</strong></span> <span class='ocrx_word' id='word_1_270' title='bbox 1076 3902 1303 3996; x_wconf 85' lang='lat' dir='ltr'><strong>generalibus</strong></span> <span class='ocrx_word' id='word_1_271' title='bbox 1320 3904 1493 3988; x_wconf 88' lang='lat' dir='ltr'><strong>terminis,</strong></span> <span class='ocrx_word' id='word_1_272' title='bbox 1517 3901 1578 3974; x_wconf 81' lang='lat' dir='ltr'><strong>vbi</strong></span> <span class='ocrx_word' id='word_1_273' title='bbox 1594 3904 1731 3974; x_wconf 89' lang='lat' dir='ltr'><strong>strenui</strong></span> <span class='ocrx_word' id='word_1_274' title='bbox 1745 3901 1902 3975; x_wconf 83' lang='lat' dir='ltr'><strong>&#39;ihomeo</strong></span> 
     </span>
     <span class='ocr_line' id='line_1_29' title="bbox 363 4008 1901 4106; baseline -0.003 -20"><span class='ocrx_word' id='word_1_275' title='bbox 363 4015 604 4106; x_wconf 85' lang='lat' dir='ltr'><strong>subpinsenre</strong></span> <span class='ocrx_word' id='word_1_276' title='bbox 627 4011 875 4084; x_wconf 84' lang='lat' dir='ltr'><strong>Cracouiensis</strong></span> <span class='ocrx_word' id='word_1_277' title='bbox 900 4017 936 4083; x_wconf 91' lang='lat' dir='ltr'><strong>et</strong></span> <span class='ocrx_word' id='word_1_278' title='bbox 952 4014 1161 4104; x_wconf 85' lang='lat' dir='ltr'><strong>capitaneus</strong></span> <span class='ocrx_word' id='word_1_279' title='bbox 1184 4011 1328 4084; x_wconf 83' lang='lat' dir='ltr'><strong>Maioris</strong></span> <span class='ocrx_word' id='word_1_280' title='bbox 1353 4011 1496 4082; x_wconf 87' lang='lat' dir='ltr'><strong>Potonie</strong></span> <span class='ocrx_word' id='word_1_281' title='bbox 1519 4011 1707 4101; x_wconf 84' lang='lat' dir='ltr'><strong>generalis,</strong></span> <span class='ocrx_word' id='word_1_282' title='bbox 1731 4008 1901 4081; x_wconf 83' lang='lat' dir='ltr'><strong>Sandiuo</strong></span> 
     </span>
     <span class='ocr_line' id='line_1_30' title="bbox 358 4117 1901 4214; baseline -0.004 -21"><span class='ocrx_word' id='word_1_283' title='bbox 358 4125 442 4214; x_wconf 85' lang='lat' dir='ltr'><strong>gius</strong></span> <span class='ocrx_word' id='word_1_284' title='bbox 476 4121 657 4214; x_wconf 81' lang='lat' dir='ltr'><strong>palatinus</strong></span> <span class='ocrx_word' id='word_1_285' title='bbox 686 4119 951 4204; x_wconf 71' lang='lat' dir='ltr'><strong>posnaniensis</strong></span> <span class='ocrx_word' id='word_1_286' title='bbox 984 4119 1153 4192; x_wconf 84' lang='lat' dir='ltr'><strong>Nicolaus</strong></span> <span class='ocrx_word' id='word_1_287' title='bbox 1177 4119 1420 4212; x_wconf 78' lang='lat' dir='ltr'><strong>subpincernu</strong></span> <span class='ocrx_word' id='word_1_288' title='bbox 1440 4119 1560 4189; x_wconf 85' lang='lat' dir='ltr'><strong>losum</strong></span> <span class='ocrx_word' id='word_1_289' title='bbox 1588 4124 1713 4190; x_wconf 88' lang='lat' dir='ltr'><strong>tenens</strong></span> <span class='ocrx_word' id='word_1_290' title='bbox 1735 4117 1901 4188; x_wconf 87' lang='lat' dir='ltr'><strong>Iohannis</strong></span> 
     </span>
     <span class='ocr_line' id='line_1_31' title="bbox 357 4212 1900 4322; baseline -0.003 -22"><span class='ocrx_word' id='word_1_291' title='bbox 357 4231 563 4322; x_wconf 86' lang='lat' dir='ltr'><strong>patrissui,</strong></span> <span class='ocrx_word' id='word_1_292' title='bbox 588 4227 716 4299; x_wconf 80' lang='lat' dir='ltr'><strong>indicis</strong></span> <span class='ocrx_word' id='word_1_293' title='bbox 740 4227 1004 4312; x_wconf 73' lang='lat' dir='ltr'><strong>posnaniensis,</strong></span> <span class='ocrx_word' id='word_1_294' title='bbox 1029 4227 1209 4299; x_wconf 86' lang='lat' dir='ltr'><strong>Iaeussius</strong></span> <span class='ocrx_word' id='word_1_295' title='bbox 1227 4228 1315 4298; x_wconf 87' lang='lat' dir='ltr'><strong>alias</strong></span> <span class='ocrx_word' id='word_1_296' title='bbox 1339 4225 1426 4297; x_wconf 85' lang='lat' dir='ltr'><strong>lake</strong></span> <span class='ocrx_word' id='word_1_297' title='bbox 1441 4225 1615 4297; x_wconf 86' lang='lat' dir='ltr'><strong>subindex</strong></span> <span class='ocrx_word' id='word_1_298' title='bbox 1639 4212 1900 4308; x_wconf 82' lang='lat' dir='ltr'><strong>Posnaniensis,</strong></span> 
     </span>
     <span class='ocr_line' id='line_1_32' title="bbox 358 4332 1900 4428; baseline -0.002 -20"><span class='ocrx_word' id='word_1_299' title='bbox 358 4336 522 4408; x_wconf 84' lang='lat' dir='ltr'><strong>Andreas</strong></span> <span class='ocrx_word' id='word_1_300' title='bbox 545 4337 748 4428; x_wconf 89' lang='lat' dir='ltr'><strong>prepositus</strong></span> <span class='ocrx_word' id='word_1_301' title='bbox 773 4335 1009 4420; x_wconf 87' lang='lat' dir='ltr'><strong>Caiissiensis‚</strong></span> <span class='ocrx_word' id='word_1_302' title='bbox 1034 4335 1203 4406; x_wconf 81' lang='lat' dir='ltr'><strong>hibertus</strong></span> <span class='ocrx_word' id='word_1_303' title='bbox 1224 4333 1494 4418; x_wconf 90' lang='lat' dir='ltr'><strong>hiedereeensis,</strong></span> <span class='ocrx_word' id='word_1_304' title='bbox 1518 4333 1667 4406; x_wconf 82' lang='lat' dir='ltr'><strong>dorotho</strong></span> <span class='ocrx_word' id='word_1_305' title='bbox 1684 4332 1900 4405; x_wconf 86' lang='lat' dir='ltr'><strong>Radzimien-</strong></span> 
     </span>
    </p>
   </div>
   <div class='ocr_carea' id='block_1_13' title="bbox 357 4438 1927 4541">
    <p class='ocr_par' dir='ltr' id='par_1_15' title="bbox 357 4438 1927 4541">
     <span class='ocr_line' id='line_1_33' title="bbox 357 4438 1927 4541; baseline -0.003 -26"><span class='ocrx_word' id='word_1_306' title='bbox 357 4447 410 4515; x_wconf 90' lang='lat' dir='ltr'><strong>sis</strong></span> <span class='ocrx_word' id='word_1_307' title='bbox 435 4443 632 4526; x_wconf 81' lang='lat' dir='ltr'><strong>castellani,</strong></span> <span class='ocrx_word' id='word_1_308' title='bbox 655 4441 788 4514; x_wconf 87' lang='lat' dir='ltr'><strong>iudicio</strong></span> <span class='ocrx_word' id='word_1_309' title='bbox 812 4442 925 4532; x_wconf 81' lang='lat' dir='ltr'><strong>regali</strong></span> <span class='ocrx_word' id='word_1_310' title='bbox 949 4450 1037 4515; x_wconf 85' lang='lat' dir='ltr'><strong>tune</strong></span> <span class='ocrx_word' id='word_1_311' title='bbox 1059 4441 1299 4535; x_wconf 74' lang='lat' dir='ltr'><strong>presidebent</strong></span> <span class='ocrx_word' id='word_1_312' title='bbox 1334 4442 1419 4526; x_wconf 84' lang='lat' dir='ltr'><strong>lata,</strong></span> <span class='ocrx_word' id='word_1_313' title='bbox 1454 4447 1618 4532; x_wconf 82' lang='lat' dir='ltr'><strong>quartam</strong></span> <span class='ocrx_word' id='word_1_314' title='bbox 1641 4446 1780 4534; x_wconf 87' lang='lat' dir='ltr'><strong>partem</strong></span> <span class='ocrx_word' id='word_1_315' title='bbox 1803 4438 1900 4512; x_wconf 91' lang='lat' dir='ltr'><strong>here·</strong></span> <span class='ocrx_word' id='word_1_316' title='bbox 1924 4533 1927 4541; x_wconf 27' lang='grc' dir='ltr'>Ι</span> 
     </span>
    </p>
   </div>
   <div class='ocr_carea' id='block_1_14' title="bbox 356 4549 1900 4964">
    <p class='ocr_par' dir='ltr' id='par_1_16' title="bbox 356 4549 1900 4964">
     <span class='ocr_line' id='line_1_34' title="bbox 358 4549 1899 4644; baseline -0.003 -22"><span class='ocrx_word' id='word_1_317' title='bbox 358 4551 482 4623; x_wconf 87' lang='lat' dir='ltr'><strong>ditatis</strong></span> <span class='ocrx_word' id='word_1_318' title='bbox 505 4554 543 4624; x_wconf 92' lang='lat' dir='ltr'><strong>in</strong></span> <span class='ocrx_word' id='word_1_319' title='bbox 568 4551 876 4640; x_wconf 75' lang='lat' dir='ltr'><strong>Chwalibopowo1)</strong></span> <span class='ocrx_word' id='word_1_320' title='bbox 901 4552 995 4622; x_wconf 88' lang='lat' dir='ltr'><strong>iusto</strong></span> <span class='ocrx_word' id='word_1_321' title='bbox 1020 4551 1097 4622; x_wconf 91' lang='lat' dir='ltr'><strong>iure</strong></span> <span class='ocrx_word' id='word_1_322' title='bbox 1120 4570 1338 4644; x_wconf 86' lang='lat' dir='ltr'><strong>possessam,</strong></span> <span class='ocrx_word' id='word_1_323' title='bbox 1362 4549 1507 4620; x_wconf 88' lang='lat' dir='ltr'><strong>Nieoloo</strong></span> <span class='ocrx_word' id='word_1_324' title='bbox 1532 4549 1576 4620; x_wconf 92' lang='lat' dir='ltr'><strong>de</strong></span> <span class='ocrx_word' id='word_1_325' title='bbox 1599 4553 1750 4640; x_wconf 80' lang='lat' dir='ltr'><strong>Krprow</strong></span> <span class='ocrx_word' id='word_1_326' title='bbox 1759 4551 1806 4636; x_wconf 88' lang='lat' dir='ltr'><strong>(s)</strong></span> <span class='ocrx_word' id='word_1_327' title='bbox 1831 4549 1899 4639; x_wconf 87' lang='lat' dir='ltr'><strong>epi·</strong></span> 
     </span>
     <span class='ocr_line' id='line_1_35' title="bbox 356 4655 1900 4756; baseline -0.004 -26"><span class='ocrx_word' id='word_1_328' title='bbox 356 4679 467 4753; x_wconf 81' lang='lat' dir='ltr'><strong>scopo</strong></span> <span class='ocrx_word' id='word_1_329' title='bbox 490 4659 725 4730; x_wconf 81' lang='lat' dir='ltr'><strong>Posnaniensi</strong></span> <span class='ocrx_word' id='word_1_330' title='bbox 760 4663 796 4730; x_wconf 88' lang='lat' dir='ltr'><strong>et</strong></span> <span class='ocrx_word' id='word_1_331' title='bbox 819 4658 971 4730; x_wconf 86' lang='lat' dir='ltr'><strong>ecclesie</strong></span> <span class='ocrx_word' id='word_1_332' title='bbox 1007 4658 1240 4730; x_wconf 87' lang='lat' dir='ltr'><strong>Posnaniensi</strong></span> <span class='ocrx_word' id='word_1_333' title='bbox 1273 4655 1522 4756; x_wconf 84' lang='lat' dir='ltr'><strong>¹adiudicando.</strong></span> <span class='ocrx_word' id='word_1_334' title='bbox 1570 4657 1703 4728; x_wconf 88' lang='lat' dir='ltr'><strong>Datum</strong></span> <span class='ocrx_word' id='word_1_335' title='bbox 1727 4656 1900 4727; x_wconf 82' lang='lat' dir='ltr'><strong>Posnanie</strong></span> 
     </span>
     <span class='ocr_line' id='line_1_36' title="bbox 356 4764 1899 4857; baseline -0.003 -19"><span class='ocrx_word' id='word_1_336' title='bbox 356 4768 449 4838; x_wconf 88' lang='lat' dir='ltr'><strong>ierie</strong></span> <span class='ocrx_word' id='word_1_337' title='bbox 483 4771 610 4857; x_wconf 88' lang='lat' dir='ltr'><strong>quarta</strong></span> <span class='ocrx_word' id='word_1_338' title='bbox 643 4766 681 4836; x_wconf 91' lang='lat' dir='ltr'><strong>in</strong></span> <span class='ocrx_word' id='word_1_339' title='bbox 712 4771 841 4838; x_wconf 82' lang='lat' dir='ltr'><strong>octauo</strong></span> <span class='ocrx_word' id='word_1_340' title='bbox 863 4787 892 4837; x_wconf 92' lang='lat' dir='ltr'><strong>s.</strong></span> <span class='ocrx_word' id='word_1_341' title='bbox 917 4767 1070 4856; x_wconf 80' lang='lat' dir='ltr'><strong>Agnetis</strong></span> <span class='ocrx_word' id='word_1_342' title='bbox 1103 4767 1266 4856; x_wconf 77' lang='lat' dir='ltr'><strong>virginis</strong></span> <span class='ocrx_word' id='word_1_343' title='bbox 1302 4784 1395 4836; x_wconf 87' lang='lat' dir='ltr'><strong>anno</strong></span> <span class='ocrx_word' id='word_1_344' title='bbox 1431 4765 1575 4836; x_wconf 90' lang='lat' dir='ltr'><strong>Domini</strong></span> <span class='ocrx_word' id='word_1_345' title='bbox 1604 4764 1791 4836; x_wconf 91' lang='lat' dir='ltr'><strong>millesimo</strong></span> <span class='ocrx_word' id='word_1_346' title='bbox 1815 4783 1899 4855; x_wconf 84' lang='lat' dir='ltr'><strong>que·</strong></span> 
     </span>
     <span class='ocr_line' id='line_1_37' title="bbox 356 4873 641 4964; baseline -0.007 -18"><span class='ocrx_word' id='word_1_347' title='bbox 356 4873 641 4964; x_wconf 86' lang='lat' dir='ltr'><strong>dringentisimo.</strong></span> 
     </span>
    </p>
   </div>
   <div class='ocr_carea' id='block_1_15' title="bbox 518 5068 1781 5145">
    <p class='ocr_par' dir='ltr' id='par_1_17' title="bbox 518 5068 1781 5145">
     <span class='ocr_line' id='line_1_38' title="bbox 518 5068 1781 5145; baseline -0.002 -17"><span class='ocrx_word' id='word_1_348' title='bbox 518 5069 596 5128; x_wconf 69' lang='lat' dir='ltr'><strong>&#39;seh</strong></span> <span class='ocrx_word' id='word_1_349' title='bbox 614 5069 829 5127; x_wconf 75' lang='lat' dir='ltr'><strong>Neruszerrices</strong></span> <span class='ocrx_word' id='word_1_350' title='bbox 849 5071 883 5129; x_wconf 88' lang='lat'><strong>10</strong></span> <span class='ocrx_word' id='word_1_351' title='bbox 902 5070 941 5129; x_wconf 84' lang='lat' dir='ltr'><strong>N.</strong></span> <span class='ocrx_word' id='word_1_352' title='bbox 964 5073 995 5126; x_wconf 90' lang='lat'><strong>11</strong></span> <span class='ocrx_word' id='word_1_353' title='bbox 1016 5087 1032 5126; x_wconf 83' lang='grc' dir='ltr'><strong>ι</strong></span> <span class='ocrx_word' id='word_1_354' title='bbox 1050 5087 1234 5144; x_wconf 78' lang='lat' dir='ltr'><strong>sumsryusns</strong></span> <span class='ocrx_word' id='word_1_355' title='bbox 1248 5069 1378 5145; x_wconf 82' lang='lat' dir='ltr'><strong>kopitoiy</strong></span> <span class='ocrx_word' id='word_1_356' title='bbox 1398 5069 1570 5140; x_wconf 80' lang='lat' dir='ltr'><strong>ketedrainoj</strong></span> <span class='ocrx_word' id='word_1_357' title='bbox 1591 5068 1781 5142; x_wconf 78' lang='lat' dir='ltr'><strong>poensi&#39;reiriei.</strong></span> 
     </span>
    </p>
   </div>
   <div class='ocr_carea' id='block_1_16' title="bbox 350 5248 1897 5413">
    <p class='ocr_par' dir='ltr' id='par_1_18' title="bbox 350 5248 1897 5413">
     <span class='ocr_line' id='line_1_39' title="bbox 521 5248 1897 5324; baseline -0.001 -17"><span class='ocrx_word' id='word_1_358' title='bbox 521 5249 782 5322; x_wconf 68' lang='lat' dir='ltr'><strong>normannum.</strong></span> <span class='ocrx_word' id='word_1_359' title='bbox 818 5249 891 5323; x_wconf 83' lang='lat' dir='ltr'><strong>Trry</strong></span> <span class='ocrx_word' id='word_1_360' title='bbox 910 5251 976 5306; x_wconf 80' lang='lat' dir='ltr'><strong>wsie</strong></span> <span class='ocrx_word' id='word_1_361' title='bbox 1005 5249 1042 5320; x_wconf 87' lang='lat' dir='ltr'><strong>tei</strong></span> <span class='ocrx_word' id='word_1_362' title='bbox 1071 5267 1168 5324; x_wconf 78' lang='lat' dir='ltr'><strong>nenny</strong></span> <span class='ocrx_word' id='word_1_363' title='bbox 1198 5249 1310 5321; x_wconf 74' lang='lat' dir='ltr'><strong>iutnieie</strong></span> <span class='ocrx_word' id='word_1_364' title='bbox 1328 5268 1353 5306; x_wconf 78' lang='grc' dir='ltr'><strong>ιι</strong></span> <span class='ocrx_word' id='word_1_365' title='bbox 1372 5268 1441 5324; x_wconf 78' lang='lat' dir='ltr'><strong>pom.</strong></span> <span class='ocrx_word' id='word_1_366' title='bbox 1461 5248 1659 5308; x_wconf 69' lang='lat' dir='ltr'><strong>missurn.</strong></span> <span class='ocrx_word' id='word_1_367' title='bbox 1697 5250 1742 5306; x_wconf 88' lang='lat' dir='ltr'><strong>Do</strong></span> <span class='ocrx_word' id='word_1_368' title='bbox 1769 5249 1897 5320; x_wconf 75' lang='lat' dir='ltr'><strong>hidreiby</strong></span> 
     </span>
     <span class='ocr_line' id='line_1_40' title="bbox 350 5337 1129 5413; baseline -0.004 -13"><span class='ocrx_word' id='word_1_369' title='bbox 350 5343 395 5412; x_wconf 75' lang='lat' dir='ltr'><strong>sie</strong></span> <span class='ocrx_word' id='word_1_370' title='bbox 410 5359 479 5396; x_wconf 79' lang='lat' dir='ltr'><strong>nuez</strong></span> <span class='ocrx_word' id='word_1_371' title='bbox 499 5340 637 5413; x_wconf 82' lang='lat' dir='ltr'><strong>przywiiej</strong></span> <span class='ocrx_word' id='word_1_372' title='bbox 657 5337 777 5408; x_wconf 71' lang='lat' dir='ltr'><strong>oelnoeii,</strong></span> <span class='ocrx_word' id='word_1_373' title='bbox 797 5339 908 5408; x_wconf 74' lang='lat' dir='ltr'><strong>osnduid</strong></span> <span class='ocrx_word' id='word_1_374' title='bbox 928 5341 975 5395; x_wconf 87' lang='lat' dir='ltr'><strong>uie</strong></span> <span class='ocrx_word' id='word_1_375' title='bbox 995 5341 1129 5412; x_wconf 78' lang='lat' dir='ltr'><strong>rrrnibmy.</strong></span> 
     </span>
    </p>
   </div>
   <div class='ocr_carea' id='block_1_17' title="bbox 2092 689 2352 772">
    <p class='ocr_par' dir='ltr' id='par_1_19' title="bbox 2092 689 2352 772">
     <span class='ocr_line' id='line_1_41' title="bbox 2092 689 2352 772; baseline -0.031 0"><span class='ocrx_word' id='word_1_376' title='bbox 2092 705 2124 772; x_wconf 87' lang='grc'><strong>3.</strong></span> <span class='ocrx_word' id='word_1_377' title='bbox 2172 696 2269 766; x_wconf 81' lang='grc'>1400.</span> <span class='ocrx_word' id='word_1_378' title='bbox 2293 689 2352 764; x_wconf 91' lang='lat' dir='ltr'><strong>die</strong></span> 
     </span>
    </p>
   </div>
   <div class='ocr_carea' id='block_1_18' title="bbox 2095 853 2363 1086">
    <p class='ocr_par' dir='ltr' id='par_1_20' title="bbox 2095 853 2364 1086">
     <span class='ocr_line' id='line_1_42' title="bbox 2225 853 2352 962; baseline 0 -99"><span class='ocrx_word' id='word_1_379' title='bbox 2225 853 2352 962; x_wconf 40' lang='lat' dir='ltr'><strong>&#39;wia</strong></span> 
     </span>
     <span class='ocr_line' id='line_1_43' title="bbox 2095 1001 2363 1086; baseline -0.03 -8"><span class='ocrx_word' id='word_1_380' title='bbox 2095 1001 2220 1086; x_wconf 66' lang='lat' dir='ltr'><strong>uatem</strong></span> <span class='ocrx_word' id='word_1_381' title='bbox 2243 1016 2363 1072; x_wconf 89' lang='lat' dir='ltr'><strong>mon</strong></span> 
     </span>
    </p>
   </div>
   <div class='ocr_carea' id='block_1_19' title="bbox 2096 1213 2367 1955">
    <p class='ocr_par' dir='ltr' id='par_1_21' title="bbox 2096 1213 2367 1955">
     <span class='ocr_line' id='line_1_44' title="bbox 2255 1213 2367 1286; baseline -0.018 0"><span class='ocrx_word' id='word_1_382' title='bbox 2255 1213 2296 1286; x_wconf 91' lang='lat' dir='ltr'><strong>ln</strong></span> <span class='ocrx_word' id='word_1_383' title='bbox 2333 1231 2367 1284; x_wconf 54' lang='grc' dir='ltr'><strong>ιιι</strong></span> 
     </span>
     <span class='ocr_line' id='line_1_45' title="bbox 2096 1325 2344 1400; baseline -0.024 0"><span class='ocrx_word' id='word_1_384' title='bbox 2096 1329 2188 1400; x_wconf 85' lang='lat' dir='ltr'><strong>inter</strong></span> <span class='ocrx_word' id='word_1_385' title='bbox 2216 1325 2344 1396; x_wconf 85' lang='lat' dir='ltr'><strong>nature</strong></span> 
     </span>
     <span class='ocr_line' id='line_1_46' title="bbox 2098 1429 2336 1514; baseline -0.034 -6"><span class='ocrx_word' id='word_1_386' title='bbox 2098 1451 2183 1508; x_wconf 90' lang='lat' dir='ltr'><strong>num</strong></span> <span class='ocrx_word' id='word_1_387' title='bbox 2206 1429 2336 1514; x_wconf 67' lang='lat' dir='ltr'><strong>existit,</strong></span> 
     </span>
     <span class='ocr_line' id='line_1_47' title="bbox 2097 1539 2362 1636; baseline -0.019 -24"><span class='ocrx_word' id='word_1_388' title='bbox 2097 1539 2362 1636; x_wconf 85' lang='lat' dir='ltr'><strong>perhennentur</strong></span> 
     </span>
     <span class='ocr_line' id='line_1_48' title="bbox 2099 1643 2367 1725; baseline -0.026 -3"><span class='ocrx_word' id='word_1_389' title='bbox 2099 1665 2219 1722; x_wconf 90' lang='lat' dir='ltr'><strong>rarum</strong></span> <span class='ocrx_word' id='word_1_390' title='bbox 2243 1643 2367 1725; x_wconf 77' lang='lat' dir='ltr'><strong>Greom</strong></span> 
     </span>
     <span class='ocr_line' id='line_1_49' title="bbox 2100 1771 2342 1848; baseline -0.021 -20"><span class='ocrx_word' id='word_1_391' title='bbox 2100 1775 2183 1848; x_wconf 87' lang='lat' dir='ltr'><strong>seps</strong></span> <span class='ocrx_word' id='word_1_392' title='bbox 2197 1771 2342 1846; x_wconf 88' lang='lat' dir='ltr'><strong>suprem</strong></span> 
     </span>
     <span class='ocr_line' id='line_1_50' title="bbox 2100 1855 2366 1955; baseline -0.019 -21"><span class='ocrx_word' id='word_1_393' title='bbox 2100 1860 2230 1955; x_wconf 83' lang='lat' dir='ltr'><strong>mribus</strong></span> <span class='ocrx_word' id='word_1_394' title='bbox 2253 1855 2366 1950; x_wconf 88' lang='lat' dir='ltr'><strong>exped</strong></span> 
     </span>
    </p>
   </div>
   <div class='ocr_carea' id='block_1_20' title="bbox 2053 1963 2367 2044">
    <p class='ocr_par' dir='ltr' id='par_1_22' title="bbox 2053 1963 2367 2044">
     <span class='ocr_line' id='line_1_51' title="bbox 2053 1963 2367 2044; baseline -0.016 0"><span class='ocrx_word' id='word_1_395' title='bbox 2053 1963 2056 1968; x_wconf 56' lang='lat'>‘</span> <span class='ocrx_word' id='word_1_396' title='bbox 2102 1973 2148 2044; x_wconf 91' lang='lat' dir='ltr'><strong>tis</strong></span> <span class='ocrx_word' id='word_1_397' title='bbox 2164 1967 2328 2040; x_wconf 88' lang='lat' dir='ltr'><strong>deuoeio</strong></span> <span class='ocrx_word' id='word_1_398' title='bbox 2356 1996 2367 2023; x_wconf 33' lang='lat' dir='ltr'><strong>:v</strong></span> 
     </span>
    </p>
   </div>
   <div class='ocr_carea' id='block_1_21' title="bbox 2101 2075 2367 3459">
    <p class='ocr_par' dir='ltr' id='par_1_23' title="bbox 2101 2075 2367 2705">
     <span class='ocr_line' id='line_1_52' title="bbox 2101 2075 2356 2158; baseline -0.031 -6"><span class='ocrx_word' id='word_1_399' title='bbox 2101 2075 2356 2158; x_wconf 77' lang='lat' dir='ltr'><strong>cistersiensis,</strong></span> 
     </span>
     <span class='ocr_line' id='line_1_53' title="bbox 2102 2185 2367 2283; baseline -0.023 -25"><span class='ocrx_word' id='word_1_400' title='bbox 2102 2185 2332 2283; x_wconf 87' lang='lat' dir='ltr'><strong>deuoeionem</strong></span> <span class='ocrx_word' id='word_1_401' title='bbox 2362 2212 2367 2239; x_wconf 73' lang='lat'>2</span> 
     </span>
     <span class='ocr_line' id='line_1_54' title="bbox 2103 2288 2351 2367; baseline -0.028 0"><span class='ocrx_word' id='word_1_402' title='bbox 2103 2293 2186 2367; x_wconf 84' lang='lat' dir='ltr'><strong>siris</strong></span> <span class='ocrx_word' id='word_1_403' title='bbox 2209 2288 2351 2362; x_wconf 79' lang='lat' dir='ltr'><strong>suffulti</strong></span> 
     </span>
     <span class='ocr_line' id='line_1_55' title="bbox 2103 2399 2351 2474; baseline -0.02 -1"><span class='ocrx_word' id='word_1_404' title='bbox 2103 2399 2248 2474; x_wconf 91' lang='lat' dir='ltr'><strong>liberius</strong></span> <span class='ocrx_word' id='word_1_405' title='bbox 2270 2417 2319 2468; x_wconf 83' lang='lat' dir='ltr'><strong>vs</strong></span> <span class='ocrx_word' id='word_1_406' title='bbox 2347 2426 2351 2455; x_wconf 82' lang='lat'>:</span> 
     </span>
     <span class='ocr_line' id='line_1_56' title="bbox 2105 2523 2360 2580; baseline -0.024 0"><span class='ocrx_word' id='word_1_407' title='bbox 2105 2524 2287 2580; x_wconf 85' lang='lat' dir='ltr'><strong>sessorum</strong></span> <span class='ocrx_word' id='word_1_408' title='bbox 2320 2523 2360 2574; x_wconf 83' lang='lat' dir='ltr'><strong>n·</strong></span> 
     </span>
     <span class='ocr_line' id='line_1_57' title="bbox 2105 2613 2339 2705; baseline -0.03 -17"><span class='ocrx_word' id='word_1_409' title='bbox 2105 2614 2225 2704; x_wconf 86' lang='lat' dir='ltr'><strong>iudioij</strong></span> <span class='ocrx_word' id='word_1_410' title='bbox 2243 2613 2339 2705; x_wconf 80' lang='lat' dir='ltr'><strong>pieta</strong></span> 
     </span>
    </p>

    <p class='ocr_par' dir='ltr' id='par_1_24' title="bbox 2107 2720 2343 2796">
     <span class='ocr_line' id='line_1_58' title="bbox 2107 2720 2343 2796; baseline -0.034 0"><span class='ocrx_word' id='word_1_411' title='bbox 2107 2720 2302 2796; x_wconf 82' lang='lat' dir='ltr'><strong>&#39;Phomooni</strong></span> <span class='ocrx_word' id='word_1_412' title='bbox 2324 2737 2343 2788; x_wconf 93' lang='lat' dir='ltr'><strong>s</strong></span> 
     </span>
    </p>

    <p class='ocr_par' dir='ltr' id='par_1_25' title="bbox 2108 2828 2325 2922">
     <span class='ocr_line' id='line_1_59' title="bbox 2108 2828 2325 2922; baseline -0.028 -20"><span class='ocrx_word' id='word_1_413' title='bbox 2108 2828 2266 2922; x_wconf 84' lang='lat' dir='ltr'><strong>generali</strong></span> <span class='ocrx_word' id='word_1_414' title='bbox 2289 2831 2325 2897; x_wconf 86' lang='lat' dir='ltr'><strong>et</strong></span> 
     </span>
    </p>

    <p class='ocr_par' dir='ltr' id='par_1_26' title="bbox 2109 2933 2367 3459">
     <span class='ocr_line' id='line_1_60' title="bbox 2109 2933 2363 3012; baseline -0.027 0"><span class='ocrx_word' id='word_1_415' title='bbox 2109 2940 2227 3012; x_wconf 88' lang='lat' dir='ltr'><strong>nimus</strong></span> <span class='ocrx_word' id='word_1_416' title='bbox 2248 2933 2363 3007; x_wconf 85' lang='lat' dir='ltr'><strong>ded1s</strong></span> 
     </span>
     <span class='ocr_line' id='line_1_61' title="bbox 2110 3047 2360 3134; baseline -0.028 -15"><span class='ocrx_word' id='word_1_417' title='bbox 2110 3047 2161 3119; x_wconf 90' lang='lat' dir='ltr'><strong>eis</strong></span> <span class='ocrx_word' id='word_1_418' title='bbox 2184 3047 2328 3134; x_wconf 88' lang='lat' dir='ltr'><strong>ineorpo</strong></span> <span class='ocrx_word' id='word_1_419' title='bbox 2356 3070 2360 3101; x_wconf 54' lang='grc' dir='ltr'><strong>ι</strong></span> 
     </span>
     <span class='ocr_line' id='line_1_62' title="bbox 2114 3152 2367 3246; baseline -0.024 -22"><span class='ocrx_word' id='word_1_420' title='bbox 2114 3152 2292 3246; x_wconf 89' lang='lat' dir='ltr'><strong>perpetuis</strong></span> <span class='ocrx_word' id='word_1_421' title='bbox 2330 3152 2367 3218; x_wconf 58' lang='lat' dir='ltr'><strong>te</strong></span> 
     </span>
     <span class='ocr_line' id='line_1_63' title="bbox 2110 3253 2367 3344; baseline -0.023 -12"><span class='ocrx_word' id='word_1_422' title='bbox 2110 3263 2223 3344; x_wconf 89' lang='lat' dir='ltr'><strong>bonis,</strong></span> <span class='ocrx_word' id='word_1_423' title='bbox 2254 3253 2367 3330; x_wconf 90' lang='lat' dir='ltr'><strong>eiusd</strong></span> 
     </span>
     <span class='ocr_line' id='line_1_64' title="bbox 2114 3373 2357 3459; baseline -0.025 -18"><span class='ocrx_word' id='word_1_424' title='bbox 2114 3373 2230 3441; x_wconf 84' lang='lat' dir='ltr'><strong>status</strong></span> <span class='ocrx_word' id='word_1_425' title='bbox 2253 3383 2357 3459; x_wconf 90' lang='lat' dir='ltr'><strong>perso</strong></span> 
     </span>
    </p>
   </div>
   <div class='ocr_carea' id='block_1_22' title="bbox 2114 3473 2364 3656">
    <p class='ocr_par' dir='ltr' id='par_1_27' title="bbox 2114 3473 2364 3656">
     <span class='ocr_line' id='line_1_65' title="bbox 2114 3473 2364 3567; baseline -0.024 -19"><span class='ocrx_word' id='word_1_426' title='bbox 2114 3495 2222 3567; x_wconf 87' lang='lat' dir='ltr'><strong>gnere</strong></span> <span class='ocrx_word' id='word_1_427' title='bbox 2244 3473 2364 3558; x_wconf 79' lang='lat' dir='ltr'><strong>ieeien</strong></span> 
     </span>
     <span class='ocr_line' id='line_1_66' title="bbox 2117 3581 2362 3656; baseline -0.029 0"><span class='ocrx_word' id='word_1_428' title='bbox 2117 3589 2151 3656; x_wconf 89' lang='lat' dir='ltr'><strong>et</strong></span> <span class='ocrx_word' id='word_1_429' title='bbox 2173 3581 2362 3655; x_wconf 85' lang='lat' dir='ltr'><strong>hereditati</strong></span> 
     </span>
    </p>
   </div>
   <div class='ocr_carea' id='block_1_23' title="bbox 2042 3688 2367 3892">
    <p class='ocr_par' dir='ltr' id='par_1_28' title="bbox 2042 3688 2367 3892">
     <span class='ocr_line' id='line_1_67' title="bbox 2067 3688 2367 3764; baseline -0.013 0"><span class='ocrx_word' id='word_1_430' title='bbox 2067 3715 2073 3727; x_wconf 95' lang='lat'><strong>·</strong></span> <span class='ocrx_word' id='word_1_431' title='bbox 2115 3688 2310 3764; x_wconf 87' lang='lat' dir='ltr'><strong>limitando.</strong></span> <span class='ocrx_word' id='word_1_432' title='bbox 2365 3700 2367 3741; x_wconf 83' lang='lat'><strong>¹</strong></span> 
     </span>
     <span class='ocr_line' id='line_1_68' title="bbox 2042 3815 2348 3892; baseline -0.007 -22"><span class='ocrx_word' id='word_1_433' title='bbox 2042 3815 2045 3820; x_wconf 89' lang='grc'><strong><em>·</em></strong></span> <span class='ocrx_word' id='word_1_434' title='bbox 2115 3815 2348 3892; x_wconf 85' lang='lat' dir='ltr'><strong>presenerem,</strong></span> 
     </span>
    </p>
   </div>
   <div class='ocr_carea' id='block_1_24' title="bbox 2115 3903 2367 5289">
    <p class='ocr_par' dir='ltr' id='par_1_29' title="bbox 2115 3903 2367 5289">
     <span class='ocr_line' id='line_1_69' title="bbox 2115 3903 2367 3978; baseline -0.012 -2"><span class='ocrx_word' id='word_1_435' title='bbox 2115 3905 2207 3978; x_wconf 88' lang='lat' dir='ltr'><strong>datis</strong></span> <span class='ocrx_word' id='word_1_436' title='bbox 2245 3903 2367 3977; x_wconf 88' lang='lat' dir='ltr'><strong>nostri</strong></span> 
     </span>
     <span class='ocr_line' id='line_1_70' title="bbox 2116 4012 2365 4086; baseline -0.004 -3"><span class='ocrx_word' id='word_1_437' title='bbox 2116 4015 2236 4086; x_wconf 72' lang='lat' dir='ltr'><strong>sillam</strong></span> <span class='ocrx_word' id='word_1_438' title='bbox 2259 4012 2365 4084; x_wconf 76' lang='lat' dir='ltr'><strong>nero</strong></span> 
     </span>
     <span class='ocr_line' id='line_1_71' title="bbox 2117 4138 2362 4212; baseline -0.02 -18"><span class='ocrx_word' id='word_1_439' title='bbox 2117 4138 2362 4212; x_wconf 86' lang='lat' dir='ltr'><strong>quammeunq</strong></span> 
     </span>
     <span class='ocr_line' id='line_1_72' title="bbox 2118 4230 2338 4319; baseline -0.009 -19"><span class='ocrx_word' id='word_1_440' title='bbox 2118 4231 2177 4319; x_wconf 87' lang='lat' dir='ltr'><strong>qui</strong></span> <span class='ocrx_word' id='word_1_441' title='bbox 2214 4230 2338 4316; x_wconf 68' lang='lat' dir='ltr'><strong>hepene</strong></span> 
     </span>
     <span class='ocr_line' id='line_1_73' title="bbox 2118 4338 2335 4408; baseline -0.009 -2"><span class='ocrx_word' id='word_1_442' title='bbox 2118 4338 2215 4408; x_wconf 84' lang='lat' dir='ltr'><strong>iuxta</strong></span> <span class='ocrx_word' id='word_1_443' title='bbox 2238 4353 2335 4406; x_wconf 88' lang='lat' dir='ltr'><strong>mors</strong></span> 
     </span>
     <span class='ocr_line' id='line_1_74' title="bbox 2120 4441 2362 4535; baseline -0.008 -21"><span class='ocrx_word' id='word_1_444' title='bbox 2120 4465 2182 4516; x_wconf 88' lang='lat' dir='ltr'><strong>seu</strong></span> <span class='ocrx_word' id='word_1_445' title='bbox 2215 4441 2362 4535; x_wconf 80' lang='lat' dir='ltr'><strong>scopulo</strong></span> 
     </span>
     <span class='ocr_line' id='line_1_75' title="bbox 2119 4551 2334 4622; baseline 0 -2"><span class='ocrx_word' id='word_1_446' title='bbox 2119 4551 2334 4622; x_wconf 88' lang='lat' dir='ltr'><strong>iimitaeione</strong></span> 
     </span>
     <span class='ocr_line' id='line_1_76' title="bbox 2121 4663 2344 4730; baseline 0.013 -4"><span class='ocrx_word' id='word_1_447' title='bbox 2121 4663 2344 4730; x_wconf 80' lang='lat' dir='ltr'><strong>hemetre</strong></span> 
     </span>
     <span class='ocr_line' id='line_1_77' title="bbox 2123 4765 2367 4838; baseline -0.004 -3"><span class='ocrx_word' id='word_1_448' title='bbox 2123 4769 2215 4838; x_wconf 84' lang='lat' dir='ltr'><strong>cium</strong></span> <span class='ocrx_word' id='word_1_449' title='bbox 2240 4765 2367 4837; x_wconf 78' lang='lat' dir='ltr'><strong>eoniim</strong></span> 
     </span>
     <span class='ocr_line' id='line_1_78' title="bbox 2127 4873 2367 4946; baseline 0 -2"><span class='ocrx_word' id='word_1_450' title='bbox 2127 4873 2329 4946; x_wconf 87' lang='lat' dir='ltr'><strong>Statuentes</strong></span> <span class='ocrx_word' id='word_1_451' title='bbox 2360 4900 2367 4933; x_wconf 75' lang='grc' dir='ltr'><strong>ι</strong></span> 
     </span>
     <span class='ocr_line' id='line_1_79' title="bbox 2125 4981 2343 5073; baseline 0 -23"><span class='ocrx_word' id='word_1_452' title='bbox 2125 4981 2343 5073; x_wconf 89' lang='lat' dir='ltr'><strong>inposterum</strong></span> 
     </span>
     <span class='ocr_line' id='line_1_80' title="bbox 2126 5090 2363 5160; baseline 0.004 -4"><span class='ocrx_word' id='word_1_453' title='bbox 2126 5108 2204 5159; x_wconf 90' lang='lat' dir='ltr'><strong>sum</strong></span> <span class='ocrx_word' id='word_1_454' title='bbox 2228 5090 2363 5160; x_wconf 90' lang='lat' dir='ltr'><strong>testim</strong></span> 
     </span>
     <span class='ocr_line' id='line_1_81' title="bbox 2127 5195 2357 5289; baseline 0.004 -24"><span class='ocrx_word' id='word_1_455' title='bbox 2127 5195 2357 5289; x_wconf 85' lang='lat' dir='ltr'><strong>Ramispalm</strong></span> 
     </span>
    </p>
   </div>
   <div class='ocr_carea' id='block_1_25' title="bbox 1999 5301 2340 5376">
    <p class='ocr_par' dir='ltr' id='par_1_30' title="bbox 1999 5301 2340 5376">
     <span class='ocr_line' id='line_1_82' title="bbox 1999 5301 2340 5376; baseline 0.012 -8"><span class='ocrx_word' id='word_1_456' title='bbox 1999 5361 2000 5364; x_wconf 70' lang='grc'>,</span> <span class='ocrx_word' id='word_1_457' title='bbox 2129 5301 2340 5376; x_wconf 80' lang='lat' dir='ltr'><strong>venerabilib</strong></span> 
     </span>
    </p>
   </div>
   <div class='ocr_carea' id='block_1_26' title="bbox 2129 5413 2347 5485">
    <p class='ocr_par' dir='ltr' id='par_1_31' title="bbox 2129 5413 2347 5485">
     <span class='ocr_line' id='line_1_83' title="bbox 2129 5413 2347 5485; baseline 0.009 -7"><span class='ocrx_word' id='word_1_458' title='bbox 2129 5413 2275 5485; x_wconf 88' lang='lat' dir='ltr'><strong>ecclesie</strong></span> <span class='ocrx_word' id='word_1_459' title='bbox 2307 5429 2347 5483; x_wconf 88' lang='lat' dir='ltr'><strong>ar</strong></span> 
     </span>
    </p>
   </div>
   <div class='ocr_carea' id='block_1_27' title="bbox 0 0 2393 6356">
    <p class='ocr_par' dir='ltr' id='par_1_32' title="bbox 0 0 2393 6356">
     <span class='ocr_line' id='line_1_84' title="bbox 0 0 2393 6356; baseline 0 0"><span class='ocrx_word' id='word_1_460' title='bbox 0 0 2393 6356; x_wconf 95' lang='lat' dir='ltr'><strong> </strong></span> 
     </span>
    </p>
   </div>
  </div>
 </body>
</html>
