<?xml version="1.0" encoding="UTF-8"?>
<!DOCTYPE html PUBLIC "-//W3C//DTD XHTML 1.0 Transitional//EN"
    "http://www.w3.org/TR/xhtml1/DTD/xhtml1-transitional.dtd">
<html xmlns="http://www.w3.org/1999/xhtml" xml:lang="en" lang="en">
 <head>
  <title>
</title>
<meta http-equiv="Content-Type" content="text/html;charset=utf-8" />
  <meta name='ocr-system' content='tesseract 3.04.00' />
  <meta name='ocr-capabilities' content='ocr_page ocr_carea ocr_par ocr_line ocrx_word'/>
</head>
<body>
  <div class='ocr_page' id='page_1' title='image "./codexdiplomatic06zakrgoog_0438.png"; bbox 0 0 4720 6360; ppageno 0'>
   <div class='ocr_carea' id='block_1_1' title="bbox 1800 503 1965 605">
    <p class='ocr_par' dir='ltr' id='par_1_1' title="bbox 1800 503 1965 605">
     <span class='ocr_line' id='line_1_1' title="bbox 1800 503 1965 605; baseline 0.006 -1"><span class='ocrx_word' id='word_1_1' title='bbox 1800 503 1801 508; x_wconf 8' lang='grc' dir='ltr'><strong><em>Ν</em></strong></span> <span class='ocrx_word' id='word_1_2' title='bbox 1898 519 1965 605; x_wconf 80' lang='lat' dir='ltr'><strong>tib</strong></span> 
     </span>
    </p>
   </div>
   <div class='ocr_carea' id='block_1_2' title="bbox 382 715 2114 5246">
    <p class='ocr_par' dir='ltr' id='par_1_2' title="bbox 439 715 2085 4708">
     <span class='ocr_line' id='line_1_2' title="bbox 440 715 1964 827; baseline -0.012 -8"><span class='ocrx_word' id='word_1_3' title='bbox 440 731 542 826; x_wconf 69' lang='lat' dir='ltr'><strong>aldem</strong></span> <span class='ocrx_word' id='word_1_4' title='bbox 564 723 742 827; x_wconf 86' lang='lat' dir='ltr'><strong>preposito</strong></span> <span class='ocrx_word' id='word_1_5' title='bbox 765 719 861 804; x_wconf 80' lang='lat' dir='ltr'><strong>inira</strong></span> <span class='ocrx_word' id='word_1_6' title='bbox 884 725 969 804; x_wconf 88' lang='lat' dir='ltr'><strong>hino</strong></span> <span class='ocrx_word' id='word_1_7' title='bbox 992 735 1029 804; x_wconf 90' lang='lat' dir='ltr'><strong>ct</strong></span> <span class='ocrx_word' id='word_1_8' title='bbox 1051 715 1191 804; x_wconf 89' lang='lat' dir='ltr'><strong>instans</strong></span> <span class='ocrx_word' id='word_1_9' title='bbox 1215 719 1350 802; x_wconf 80' lang='lat' dir='ltr'><strong>festum</strong></span> <span class='ocrx_word' id='word_1_10' title='bbox 1380 733 1497 816; x_wconf 89' lang='lat' dir='ltr'><strong>sancti</strong></span> <span class='ocrx_word' id='word_1_11' title='bbox 1526 722 1644 803; x_wconf 91' lang='lat' dir='ltr'><strong>Iacobi</strong></span> <span class='ocrx_word' id='word_1_12' title='bbox 1675 733 1865 802; x_wconf 89' lang='lat' dir='ltr'><strong>teneantur</strong></span> <span class='ocrx_word' id='word_1_13' title='bbox 1887 733 1964 822; x_wconf 82' lang='lat' dir='ltr'><strong>pre·</strong></span> 
     </span>
     <span class='ocr_line' id='line_1_3' title="bbox 439 833 1965 935; baseline -0.005 -19"><span class='ocrx_word' id='word_1_14' title='bbox 439 857 566 935; x_wconf 59' lang='lat' dir='ltr'><strong>sentam</strong></span> <span class='ocrx_word' id='word_1_15' title='bbox 588 833 796 931; x_wconf 74' lang='lat' dir='ltr'><strong>tradereque</strong></span> <span class='ocrx_word' id='word_1_16' title='bbox 821 859 904 912; x_wconf 92' lang='lat' dir='ltr'><strong>cum</strong></span> <span class='ocrx_word' id='word_1_17' title='bbox 926 838 1118 912; x_wconf 81' lang='lat' dir='ltr'><strong>immeritis</strong></span> <span class='ocrx_word' id='word_1_18' title='bbox 1142 839 1308 910; x_wconf 89' lang='lat' dir='ltr'><strong>omnibus</strong></span> <span class='ocrx_word' id='word_1_19' title='bbox 1332 837 1440 910; x_wconf 85' lang='lat' dir='ltr'><strong>hrrius</strong></span> <span class='ocrx_word' id='word_1_20' title='bbox 1469 841 1598 910; x_wconf 88' lang='lat' dir='ltr'><strong>messis</strong></span> <span class='ocrx_word' id='word_1_21' title='bbox 1622 843 1659 910; x_wconf 91' lang='lat' dir='ltr'><strong>et</strong></span> <span class='ocrx_word' id='word_1_22' title='bbox 1682 837 1897 910; x_wconf 79' lang='lat' dir='ltr'>animalibus</span> <span class='ocrx_word' id='word_1_23' title='bbox 1923 855 1965 908; x_wconf 91' lang='lat' dir='ltr'><strong>ac</strong></span> 
     </span>
     <span class='ocr_line' id='line_1_4' title="bbox 439 945 1964 1054; baseline -0.009 -26"><span class='ocrx_word' id='word_1_24' title='bbox 439 949 644 1054; x_wconf 61' lang='lat' dir='ltr'><strong>supellectile</strong></span> <span class='ocrx_word' id='word_1_25' title='bbox 685 949 866 1020; x_wconf 89' lang='lat' dir='ltr'><strong>curiarum</strong></span> <span class='ocrx_word' id='word_1_26' title='bbox 896 951 933 1019; x_wconf 89' lang='lat' dir='ltr'><strong>et</strong></span> <span class='ocrx_word' id='word_1_27' title='bbox 962 946 1172 1020; x_wconf 85' lang='lat' dir='ltr'>allodiorum</span> <span class='ocrx_word' id='word_1_28' title='bbox 1209 945 1414 1018; x_wconf 88' lang='lat' dir='ltr'><strong>eorundem.</strong></span> <span class='ocrx_word' id='word_1_29' title='bbox 1462 948 1498 1036; x_wconf 65' lang='grc' dir='ltr'><strong>(ξ</strong></span> <span class='ocrx_word' id='word_1_30' title='bbox 1531 951 1577 1035; x_wconf 79' lang='grc'><strong>2).</strong></span> <span class='ocrx_word' id='word_1_31' title='bbox 1611 945 1846 1018; x_wconf 89' lang='lat' dir='ltr'><strong>Decemimus</strong></span> <span class='ocrx_word' id='word_1_32' title='bbox 1880 963 1964 1034; x_wconf 90' lang='lat' dir='ltr'><strong>ergo</strong></span> 
     </span>
     <span class='ocr_line' id='line_1_5' title="bbox 439 1051 2071 1158; baseline -0.007 -24"><span class='ocrx_word' id='word_1_33' title='bbox 439 1079 469 1148; x_wconf 63' lang='lat' dir='ltr'><strong>er</strong></span> <span class='ocrx_word' id='word_1_34' title='bbox 489 1058 701 1158; x_wconf 77' lang='lat' dir='ltr'><strong>precipimus</strong></span> <span class='ocrx_word' id='word_1_35' title='bbox 725 1075 865 1128; x_wconf 86' lang='lat' dir='ltr'><strong>exnunc</strong></span> <span class='ocrx_word' id='word_1_36' title='bbox 887 1074 1011 1126; x_wconf 89' lang='lat' dir='ltr'><strong>omnes</strong></span> <span class='ocrx_word' id='word_1_37' title='bbox 1040 1057 1227 1126; x_wconf 82' lang='lat' dir='ltr'><strong>occasione</strong></span> <span class='ocrx_word' id='word_1_38' title='bbox 1261 1055 1518 1146; x_wconf 85' lang='lat' dir='ltr'><strong>premissorum</strong></span> <span class='ocrx_word' id='word_1_39' title='bbox 1548 1056 1722 1138; x_wconf 90' lang='lat' dir='ltr'><strong>acciones,</strong></span> <span class='ocrx_word' id='word_1_40' title='bbox 1756 1051 1965 1136; x_wconf 83' lang='lat' dir='ltr'><strong>discordias,</strong></span> <span class='ocrx_word' id='word_1_41' title='bbox 2067 1055 2071 1064; x_wconf 85' lang='grc'><strong>’</strong></span> 
     </span>
     <span class='ocr_line' id='line_1_6' title="bbox 439 1163 1965 1256; baseline -0.007 -14"><span class='ocrx_word' id='word_1_42' title='bbox 439 1183 509 1256; x_wconf 76' lang='lat' dir='ltr'><strong>litos</strong></span> <span class='ocrx_word' id='word_1_43' title='bbox 532 1169 568 1240; x_wconf 91' lang='lat' dir='ltr'><strong>et</strong></span> <span class='ocrx_word' id='word_1_44' title='bbox 590 1163 839 1256; x_wconf 86' lang='lat' dir='ltr'><strong>displicencios</strong></span> <span class='ocrx_word' id='word_1_45' title='bbox 863 1164 957 1236; x_wconf 89' lang='lat' dir='ltr'><strong>iuter</strong></span> <span class='ocrx_word' id='word_1_46' title='bbox 978 1165 1200 1256; x_wconf 82' lang='lat' dir='ltr'><strong>prepositum</strong></span> <span class='ocrx_word' id='word_1_47' title='bbox 1224 1167 1261 1234; x_wconf 89' lang='lat' dir='ltr'><strong>et</strong></span> <span class='ocrx_word' id='word_1_48' title='bbox 1284 1163 1481 1254; x_wconf 91' lang='lat' dir='ltr'><strong>capitulum</strong></span> <span class='ocrx_word' id='word_1_49' title='bbox 1505 1163 1778 1252; x_wconf 86' lang='lat' dir='ltr'><strong>singularesque</strong></span> <span class='ocrx_word' id='word_1_50' title='bbox 1793 1179 1965 1253; x_wconf 81' lang='lat' dir='ltr'><strong>personas</strong></span> 
     </span>
     <span class='ocr_line' id='line_1_7' title="bbox 439 1268 1966 1376; baseline -0.007 -26"><span class='ocrx_word' id='word_1_51' title='bbox 439 1273 572 1376; x_wconf 70' lang='lat' dir='ltr'><strong>capituli</strong></span> <span class='ocrx_word' id='word_1_52' title='bbox 595 1277 711 1344; x_wconf 92' lang='lat' dir='ltr'><strong>motas</strong></span> <span class='ocrx_word' id='word_1_53' title='bbox 734 1271 792 1344; x_wconf 89' lang='lat' dir='ltr'><strong>uel</strong></span> <span class='ocrx_word' id='word_1_54' title='bbox 816 1269 1012 1344; x_wconf 80' lang='lat' dir='ltr'><strong>mouendae</strong></span> <span class='ocrx_word' id='word_1_55' title='bbox 1044 1272 1232 1343; x_wconf 86' lang='lat' dir='ltr'><strong>occasione</strong></span> <span class='ocrx_word' id='word_1_56' title='bbox 1255 1275 1416 1342; x_wconf 88' lang='lat' dir='ltr'><strong>actorum</strong></span> <span class='ocrx_word' id='word_1_57' title='bbox 1441 1274 1533 1342; x_wconf 87' lang='lat' dir='ltr'><strong>inter</strong></span> <span class='ocrx_word' id='word_1_58' title='bbox 1564 1291 1624 1342; x_wconf 86' lang='lat' dir='ltr'><strong>eos</strong></span> <span class='ocrx_word' id='word_1_59' title='bbox 1649 1275 1733 1340; x_wconf 89' lang='lat' dir='ltr'><strong>ante</strong></span> <span class='ocrx_word' id='word_1_60' title='bbox 1756 1268 1966 1340; x_wconf 90' lang='lat' dir='ltr'><strong>hodiernam</strong></span> 
     </span>
     <span class='ocr_line' id='line_1_8' title="bbox 439 1377 1965 1472; baseline -0.013 -6"><span class='ocrx_word' id='word_1_61' title='bbox 439 1395 532 1469; x_wconf 90' lang='lat' dir='ltr'><strong>diem,</strong></span> <span class='ocrx_word' id='word_1_62' title='bbox 555 1399 635 1453; x_wconf 87' lang='lat' dir='ltr'><strong>esse</strong></span> <span class='ocrx_word' id='word_1_63' title='bbox 658 1377 786 1452; x_wconf 89' lang='lat' dir='ltr'><strong>debera</strong></span> <span class='ocrx_word' id='word_1_64' title='bbox 809 1381 983 1452; x_wconf 87' lang='lat' dir='ltr'><strong>extinctas</strong></span> <span class='ocrx_word' id='word_1_65' title='bbox 1007 1382 1044 1450; x_wconf 90' lang='lat' dir='ltr'><strong>et</strong></span> <span class='ocrx_word' id='word_1_66' title='bbox 1059 1381 1202 1470; x_wconf 90' lang='lat' dir='ltr'><strong>penitus</strong></span> <span class='ocrx_word' id='word_1_67' title='bbox 1218 1381 1365 1472; x_wconf 88' lang='lat' dir='ltr'><strong>sopitas,</strong></span> <span class='ocrx_word' id='word_1_68' title='bbox 1389 1378 1601 1469; x_wconf 74' lang='lat' dir='ltr'><strong>futurosque</strong></span> <span class='ocrx_word' id='word_1_69' title='bbox 1617 1381 1711 1448; x_wconf 91' lang='lat' dir='ltr'><strong>inter</strong></span> <span class='ocrx_word' id='word_1_70' title='bbox 1727 1397 1787 1448; x_wconf 91' lang='lat' dir='ltr'><strong>eos</strong></span> <span class='ocrx_word' id='word_1_71' title='bbox 1812 1377 1965 1467; x_wconf 91' lang='lat' dir='ltr'><strong>questio·</strong></span> 
     </span>
     <span class='ocr_line' id='line_1_9' title="bbox 439 1483 1966 1584; baseline -0.005 -22"><span class='ocrx_word' id='word_1_72' title='bbox 439 1517 493 1576; x_wconf 77' lang='lat' dir='ltr'><strong>nes</strong></span> <span class='ocrx_word' id='word_1_73' title='bbox 514 1508 578 1584; x_wconf 92' lang='lat' dir='ltr'><strong>per</strong></span> <span class='ocrx_word' id='word_1_74' title='bbox 600 1486 906 1580; x_wconf 90' lang='lat' dir='ltr'><strong>archiepiscopum</strong></span> <span class='ocrx_word' id='word_1_75' title='bbox 929 1485 1118 1558; x_wconf 87' lang='lat' dir='ltr'><strong>dumtaxat</strong></span> <span class='ocrx_word' id='word_1_76' title='bbox 1149 1507 1229 1558; x_wconf 88' lang='lat' dir='ltr'><strong>esse</strong></span> <span class='ocrx_word' id='word_1_77' title='bbox 1261 1485 1463 1578; x_wconf 87' lang='lat' dir='ltr'><strong>sopiendas.</strong></span> <span class='ocrx_word' id='word_1_78' title='bbox 1511 1489 1547 1576; x_wconf 66' lang='grc' dir='ltr'><strong>(ξ</strong></span> <span class='ocrx_word' id='word_1_79' title='bbox 1571 1489 1616 1573; x_wconf 86' lang='grc'><strong>3).</strong></span> <span class='ocrx_word' id='word_1_80' title='bbox 1641 1487 1789 1556; x_wconf 85' lang='lat' dir='ltr'><strong>Attente</strong></span> <span class='ocrx_word' id='word_1_81' title='bbox 1813 1483 1966 1574; x_wconf 90' lang='lat' dir='ltr'><strong>denique</strong></span> 
     </span>
     <span class='ocr_line' id='line_1_10' title="bbox 441 1591 1966 1686; baseline -0.01 -7"><span class='ocrx_word' id='word_1_82' title='bbox 441 1611 560 1680; x_wconf 89' lang='lat' dir='ltr'><strong>bonore</strong></span> <span class='ocrx_word' id='word_1_83' title='bbox 583 1593 731 1667; x_wconf 86' lang='lat' dir='ltr'><strong>ecclesie</strong></span> <span class='ocrx_word' id='word_1_84' title='bbox 753 1593 941 1686; x_wconf 88' lang='lat' dir='ltr'><strong>bucusque</strong></span> <span class='ocrx_word' id='word_1_85' title='bbox 964 1597 1040 1666; x_wconf 87' lang='lat' dir='ltr'><strong>suis</strong></span> <span class='ocrx_word' id='word_1_86' title='bbox 1064 1596 1239 1666; x_wconf 74' lang='lat' dir='ltr'><strong>ministris</strong></span> <span class='ocrx_word' id='word_1_87' title='bbox 1263 1593 1451 1666; x_wconf 78' lang='lat' dir='ltr'><strong>uidebitis</strong></span> <span class='ocrx_word' id='word_1_88' title='bbox 1476 1595 1644 1686; x_wconf 88' lang='lat' dir='ltr'><strong>semicijs</strong></span> <span class='ocrx_word' id='word_1_89' title='bbox 1669 1591 1801 1678; x_wconf 91' lang='lat' dir='ltr'><strong>orbate,</strong></span> <span class='ocrx_word' id='word_1_90' title='bbox 1831 1597 1868 1663; x_wconf 90' lang='lat' dir='ltr'><strong>et</strong></span> <span class='ocrx_word' id='word_1_91' title='bbox 1890 1609 1966 1684; x_wconf 90' lang='lat' dir='ltr'><strong>per·</strong></span> 
     </span>
     <span class='ocr_line' id='line_1_11' title="bbox 440 1699 1967 1796; baseline -0.008 -14"><span class='ocrx_word' id='word_1_92' title='bbox 440 1723 597 1786; x_wconf 81' lang='lat' dir='ltr'><strong>sonarum</strong></span> <span class='ocrx_word' id='word_1_93' title='bbox 620 1702 871 1794; x_wconf 80' lang='lat' dir='ltr'><strong>capitularium</strong></span> <span class='ocrx_word' id='word_1_94' title='bbox 893 1701 1053 1787; x_wconf 90' lang='lat' dir='ltr'><strong>comodo,</strong></span> <span class='ocrx_word' id='word_1_95' title='bbox 1077 1701 1122 1774; x_wconf 92' lang='lat' dir='ltr'><strong>de</strong></span> <span class='ocrx_word' id='word_1_96' title='bbox 1146 1721 1334 1788; x_wconf 90' lang='lat' dir='ltr'><strong>consensu,</strong></span> <span class='ocrx_word' id='word_1_97' title='bbox 1358 1707 1398 1775; x_wconf 84' lang='lat' dir='ltr'><strong>rt</strong></span> <span class='ocrx_word' id='word_1_98' title='bbox 1420 1703 1649 1796; x_wconf 87' lang='lat' dir='ltr'><strong>premittitur,</strong></span> <span class='ocrx_word' id='word_1_99' title='bbox 1680 1703 1795 1793; x_wconf 91' lang='lat' dir='ltr'><strong>ipsius</strong></span> <span class='ocrx_word' id='word_1_100' title='bbox 1820 1699 1967 1792; x_wconf 90' lang='lat' dir='ltr'><strong>capituli</strong></span> 
     </span>
     <span class='ocr_line' id='line_1_12' title="bbox 440 1807 1967 1916; baseline -0.009 -25"><span class='ocrx_word' id='word_1_101' title='bbox 440 1811 654 1916; x_wconf 89' lang='lat' dir='ltr'><strong>presentibus</strong></span> <span class='ocrx_word' id='word_1_102' title='bbox 664 1813 867 1895; x_wconf 88' lang='lat' dir='ltr'><strong>statuimus,</strong></span> <span class='ocrx_word' id='word_1_103' title='bbox 881 1811 1049 1884; x_wconf 79' lang='lat' dir='ltr'><strong>uolumus</strong></span> <span class='ocrx_word' id='word_1_104' title='bbox 1063 1814 1100 1882; x_wconf 92' lang='lat' dir='ltr'><strong>et</strong></span> <span class='ocrx_word' id='word_1_105' title='bbox 1114 1809 1329 1882; x_wconf 89' lang='lat' dir='ltr'><strong>mandamus</strong></span> <span class='ocrx_word' id='word_1_106' title='bbox 1343 1813 1525 1904; x_wconf 89' lang='lat' dir='ltr'><strong>perpetuis</strong></span> <span class='ocrx_word' id='word_1_107' title='bbox 1542 1808 1761 1902; x_wconf 88' lang='lat' dir='ltr'><strong>temporibus</strong></span> <span class='ocrx_word' id='word_1_108' title='bbox 1777 1807 1967 1880; x_wconf 89' lang='lat' dir='ltr'><strong>obsaman·</strong></span> 
     </span>
     <span class='ocr_line' id='line_1_13' title="bbox 440 1917 1967 2010; baseline -0.007 -14"><span class='ocrx_word' id='word_1_109' title='bbox 440 1928 526 2007; x_wconf 87' lang='lat' dir='ltr'><strong>dum,</strong></span> <span class='ocrx_word' id='word_1_110' title='bbox 548 1923 589 1990; x_wconf 84' lang='lat' dir='ltr'><strong>vt</strong></span> <span class='ocrx_word' id='word_1_111' title='bbox 610 1917 747 1990; x_wconf 89' lang='lat' dir='ltr'><strong>scilieet</strong></span> <span class='ocrx_word' id='word_1_112' title='bbox 769 1937 894 1990; x_wconf 89' lang='lat' dir='ltr'><strong>omnes</strong></span> <span class='ocrx_word' id='word_1_113' title='bbox 918 1922 955 1990; x_wconf 89' lang='lat' dir='ltr'><strong>et</strong></span> <span class='ocrx_word' id='word_1_114' title='bbox 976 1917 1207 2008; x_wconf 84' lang='lat' dir='ltr'><strong>singulariter</strong></span> <span class='ocrx_word' id='word_1_115' title='bbox 1228 1918 1361 2008; x_wconf 88' lang='lat' dir='ltr'><strong>singuli</strong></span> <span class='ocrx_word' id='word_1_116' title='bbox 1384 1919 1523 2010; x_wconf 90' lang='lat' dir='ltr'><strong>prelati,</strong></span> <span class='ocrx_word' id='word_1_117' title='bbox 1557 1919 1720 1990; x_wconf 89' lang='lat' dir='ltr'><strong>canonici</strong></span> <span class='ocrx_word' id='word_1_118' title='bbox 1751 1920 1787 1988; x_wconf 90' lang='lat' dir='ltr'><strong>et</strong></span> <span class='ocrx_word' id='word_1_119' title='bbox 1815 1935 1967 2008; x_wconf 89' lang='lat' dir='ltr'><strong>persone</strong></span> 
     </span>
     <span class='ocr_line' id='line_1_14' title="bbox 440 2021 1966 2124; baseline -0.009 -18"><span class='ocrx_word' id='word_1_120' title='bbox 440 2027 641 2124; x_wconf 85' lang='lat' dir='ltr'><strong>capitulares</strong></span> <span class='ocrx_word' id='word_1_121' title='bbox 673 2028 896 2116; x_wconf 87' lang='lat' dir='ltr'><strong>quicuncque</strong></span> <span class='ocrx_word' id='word_1_122' title='bbox 926 2047 1022 2098; x_wconf 92' lang='lat' dir='ltr'><strong>nunc</strong></span> <span class='ocrx_word' id='word_1_123' title='bbox 1051 2029 1218 2098; x_wconf 87' lang='lat' dir='ltr'><strong>tenentes</strong></span> <span class='ocrx_word' id='word_1_124' title='bbox 1249 2026 1397 2118; x_wconf 90' lang='lat' dir='ltr'><strong>capituli</strong></span> <span class='ocrx_word' id='word_1_125' title='bbox 1431 2026 1546 2111; x_wconf 89' lang='lat' dir='ltr'><strong>villas,</strong></span> <span class='ocrx_word' id='word_1_126' title='bbox 1579 2023 1720 2109; x_wconf 86' lang='lat' dir='ltr'><strong>allodia,</strong></span> <span class='ocrx_word' id='word_1_127' title='bbox 1750 2021 1966 2108; x_wconf 90' lang='lat' dir='ltr'><strong>molendina,</strong></span> 
     </span>
     <span class='ocr_line' id='line_1_15' title="bbox 440 2131 2085 2235; baseline -0.004 -26"><span class='ocrx_word' id='word_1_128' title='bbox 440 2143 541 2235; x_wconf 87' lang='lat' dir='ltr'><strong>prata,</strong></span> <span class='ocrx_word' id='word_1_129' title='bbox 574 2152 729 2217; x_wconf 90' lang='lat' dir='ltr'><strong>nemora,</strong></span> <span class='ocrx_word' id='word_1_130' title='bbox 760 2132 873 2206; x_wconf 87' lang='lat' dir='ltr'><strong>siluas</strong></span> <span class='ocrx_word' id='word_1_131' title='bbox 905 2135 965 2206; x_wconf 90' lang='lat' dir='ltr'><strong>uel</strong></span> <span class='ocrx_word' id='word_1_132' title='bbox 989 2133 1077 2206; x_wconf 91' lang='lat' dir='ltr'><strong>alios</strong></span> <span class='ocrx_word' id='word_1_133' title='bbox 1106 2133 1256 2226; x_wconf 89' lang='lat' dir='ltr'><strong>capituli</strong></span> <span class='ocrx_word' id='word_1_134' title='bbox 1290 2131 1423 2206; x_wconf 85' lang='lat' dir='ltr'><strong>fundos</strong></span> <span class='ocrx_word' id='word_1_135' title='bbox 1445 2153 1582 2206; x_wconf 88' lang='lat' dir='ltr'><strong>vsusue</strong></span> <span class='ocrx_word' id='word_1_136' title='bbox 1615 2132 1683 2204; x_wconf 88' lang='lat' dir='ltr'><strong>sub</strong></span> <span class='ocrx_word' id='word_1_137' title='bbox 1707 2131 1850 2215; x_wconf 87' lang='lat' dir='ltr'><strong>aranda,</strong></span> <span class='ocrx_word' id='word_1_138' title='bbox 1884 2136 1969 2204; x_wconf 86' lang='lat' dir='ltr'><strong>taxa</strong></span> <span class='ocrx_word' id='word_1_139' title='bbox 2080 2223 2085 2232; x_wconf 94' lang='lat'>.</span> 
     </span>
     <span class='ocr_line' id='line_1_16' title="bbox 440 2241 1967 2335; baseline -0.006 -16"><span class='ocrx_word' id='word_1_140' title='bbox 440 2247 491 2320; x_wconf 87' lang='lat' dir='ltr'><strong>uel</strong></span> <span class='ocrx_word' id='word_1_141' title='bbox 512 2241 702 2327; x_wconf 70' lang='lat' dir='ltr'><strong>adiutam,</strong></span> <span class='ocrx_word' id='word_1_142' title='bbox 725 2241 785 2314; x_wconf 93' lang='lat' dir='ltr'><strong>uei</strong></span> <span class='ocrx_word' id='word_1_143' title='bbox 807 2247 1054 2335; x_wconf 88' lang='lat' dir='ltr'><strong>procuratores</strong></span> <span class='ocrx_word' id='word_1_144' title='bbox 1078 2261 1212 2325; x_wconf 90' lang='lat' dir='ltr'><strong>eorum,</strong></span> <span class='ocrx_word' id='word_1_145' title='bbox 1237 2244 1298 2333; x_wconf 92' lang='lat' dir='ltr'><strong>qui</strong></span> <span class='ocrx_word' id='word_1_146' title='bbox 1321 2247 1408 2313; x_wconf 92' lang='lat' dir='ltr'><strong>sunt</strong></span> <span class='ocrx_word' id='word_1_147' title='bbox 1427 2243 1604 2326; x_wconf 88' lang='lat' dir='ltr'><strong>absentes,</strong></span> <span class='ocrx_word' id='word_1_148' title='bbox 1628 2243 1667 2312; x_wconf 91' lang='lat' dir='ltr'><strong>in</strong></span> <span class='ocrx_word' id='word_1_149' title='bbox 1689 2241 1850 2332; x_wconf 87' lang='lat' dir='ltr'><strong>proximo</strong></span> <span class='ocrx_word' id='word_1_150' title='bbox 1875 2241 1967 2331; x_wconf 91' lang='lat' dir='ltr'><strong>capi-</strong></span> 
     </span>
     <span class='ocr_line' id='line_1_17' title="bbox 440 2346 1968 2442; baseline -0.006 -15"><span class='ocrx_word' id='word_1_151' title='bbox 440 2355 506 2427; x_wconf 89' lang='lat' dir='ltr'><strong>iuio</strong></span> <span class='ocrx_word' id='word_1_152' title='bbox 526 2349 683 2442; x_wconf 78' lang='lat' dir='ltr'><strong>genardi</strong></span> <span class='ocrx_word' id='word_1_153' title='bbox 706 2353 895 2422; x_wconf 76' lang='lat' dir='ltr'><strong>tenemtur</strong></span> <span class='ocrx_word' id='word_1_154' title='bbox 917 2353 954 2422; x_wconf 89' lang='lat' dir='ltr'><strong>et</strong></span> <span class='ocrx_word' id='word_1_155' title='bbox 976 2347 1108 2422; x_wconf 88' lang='lat' dir='ltr'><strong>debent</strong></span> <span class='ocrx_word' id='word_1_156' title='bbox 1130 2369 1174 2422; x_wconf 89' lang='lat' dir='ltr'><strong>ea</strong></span> <span class='ocrx_word' id='word_1_157' title='bbox 1196 2351 1317 2422; x_wconf 91' lang='lat' dir='ltr'><strong>omnia</strong></span> <span class='ocrx_word' id='word_1_158' title='bbox 1339 2352 1522 2440; x_wconf 86' lang='lat' dir='ltr'><strong>resignare</strong></span> <span class='ocrx_word' id='word_1_159' title='bbox 1539 2355 1575 2421; x_wconf 91' lang='lat' dir='ltr'><strong>at</strong></span> <span class='ocrx_word' id='word_1_160' title='bbox 1590 2346 1770 2420; x_wconf 88' lang='lat' dir='ltr'><strong>dimittere</strong></span> <span class='ocrx_word' id='word_1_161' title='bbox 1785 2350 1823 2419; x_wconf 95' lang='lat' dir='ltr'><strong>in</strong></span> <span class='ocrx_word' id='word_1_162' title='bbox 1838 2365 1968 2418; x_wconf 90' lang='lat' dir='ltr'><strong>manus</strong></span> 
     </span>
     <span class='ocr_line' id='line_1_18' title="bbox 440 2451 1967 2556; baseline -0.004 -23"><span class='ocrx_word' id='word_1_163' title='bbox 440 2461 696 2556; x_wconf 86' lang='lat' dir='ltr'><strong>procuratorum</strong></span> <span class='ocrx_word' id='word_1_164' title='bbox 720 2455 867 2549; x_wconf 89' lang='lat' dir='ltr'><strong>capituli</strong></span> <span class='ocrx_word' id='word_1_165' title='bbox 890 2456 1053 2531; x_wconf 88' lang='lat' dir='ltr'><strong>decatero</strong></span> <span class='ocrx_word' id='word_1_166' title='bbox 1076 2455 1253 2549; x_wconf 88' lang='lat' dir='ltr'><strong>regendas</strong></span> <span class='ocrx_word' id='word_1_167' title='bbox 1269 2456 1375 2528; x_wconf 92' lang='lat' dir='ltr'><strong>modo</strong></span> <span class='ocrx_word' id='word_1_168' title='bbox 1397 2461 1615 2549; x_wconf 85' lang='lat' dir='ltr'><strong>supratacto,</strong></span> <span class='ocrx_word' id='word_1_169' title='bbox 1639 2461 1676 2528; x_wconf 88' lang='lat' dir='ltr'><strong>et</strong></span> <span class='ocrx_word' id='word_1_170' title='bbox 1691 2453 1788 2548; x_wconf 92' lang='lat' dir='ltr'><strong>quod</strong></span> <span class='ocrx_word' id='word_1_171' title='bbox 1804 2451 1967 2528; x_wconf 89' lang='lat' dir='ltr'><strong>decetem</strong></span> 
     </span>
     <span class='ocr_line' id='line_1_19' title="bbox 440 2563 1968 2658; baseline -0.003 -17"><span class='ocrx_word' id='word_1_172' title='bbox 440 2567 529 2642; x_wconf 89' lang='lat' dir='ltr'><strong>nulla</strong></span> <span class='ocrx_word' id='word_1_173' title='bbox 549 2565 634 2636; x_wconf 82' lang='lat' dir='ltr'><strong>viiia</strong></span> <span class='ocrx_word' id='word_1_174' title='bbox 655 2565 715 2637; x_wconf 87' lang='lat' dir='ltr'><strong>uel</strong></span> <span class='ocrx_word' id='word_1_175' title='bbox 737 2563 908 2637; x_wconf 70' lang='lat' dir='ltr'><strong>obedum</strong></span> <span class='ocrx_word' id='word_1_176' title='bbox 932 2569 995 2638; x_wconf 90' lang='lat' dir='ltr'><strong>aut</strong></span> <span class='ocrx_word' id='word_1_177' title='bbox 1018 2563 1261 2638; x_wconf 89' lang='lat' dir='ltr'><strong>molendinum</strong></span> <span class='ocrx_word' id='word_1_178' title='bbox 1293 2563 1526 2638; x_wconf 76' lang='lat' dir='ltr'><strong>comendatus</strong></span> <span class='ocrx_word' id='word_1_179' title='bbox 1554 2563 1691 2658; x_wconf 89' lang='lat' dir='ltr'><strong>prelato</strong></span> <span class='ocrx_word' id='word_1_180' title='bbox 1714 2563 1774 2636; x_wconf 91' lang='lat' dir='ltr'><strong>uel</strong></span> <span class='ocrx_word' id='word_1_181' title='bbox 1797 2565 1968 2636; x_wconf 90' lang='lat' dir='ltr'><strong>canonico</strong></span> 
     </span>
     <span class='ocr_line' id='line_1_20' title="bbox 440 2671 1968 2766; baseline -0.003 -18"><span class='ocrx_word' id='word_1_182' title='bbox 440 2677 641 2763; x_wconf 88' lang='lat' dir='ltr'><strong>cuicumque</strong></span> <span class='ocrx_word' id='word_1_183' title='bbox 664 2675 743 2744; x_wconf 91' lang='lat' dir='ltr'><strong>siue</strong></span> <span class='ocrx_word' id='word_1_184' title='bbox 765 2671 834 2746; x_wconf 90' lang='lat' dir='ltr'><strong>sub</strong></span> <span class='ocrx_word' id='word_1_185' title='bbox 857 2672 1000 2760; x_wconf 86' lang='lat' dir='ltr'><strong>aranda,</strong></span> <span class='ocrx_word' id='word_1_186' title='bbox 1031 2679 1116 2746; x_wconf 88' lang='lat' dir='ltr'><strong>taxa</strong></span> <span class='ocrx_word' id='word_1_187' title='bbox 1138 2673 1197 2746; x_wconf 91' lang='lat' dir='ltr'><strong>uel</strong></span> <span class='ocrx_word' id='word_1_188' title='bbox 1221 2671 1267 2746; x_wconf 90' lang='lat' dir='ltr'><strong>ad</strong></span> <span class='ocrx_word' id='word_1_189' title='bbox 1289 2675 1412 2745; x_wconf 85' lang='lat' dir='ltr'><strong>vitam.</strong></span> <span class='ocrx_word' id='word_1_190' title='bbox 1459 2673 1699 2766; x_wconf 84' lang='lat' dir='ltr'><strong>Roseruamus</strong></span> <span class='ocrx_word' id='word_1_191' title='bbox 1725 2676 1846 2744; x_wconf 83' lang='lat' dir='ltr'><strong>umen</strong></span> <span class='ocrx_word' id='word_1_192' title='bbox 1879 2674 1968 2764; x_wconf 87' lang='lat' dir='ltr'><strong>ipsis</strong></span> 
     </span>
     <span class='ocr_line' id='line_1_21' title="bbox 440 2778 1970 2874; baseline -0.003 -18"><span class='ocrx_word' id='word_1_193' title='bbox 440 2801 527 2856; x_wconf 90' lang='lat' dir='ltr'><strong>nunc</strong></span> <span class='ocrx_word' id='word_1_194' title='bbox 549 2779 667 2854; x_wconf 88' lang='lat' dir='ltr'><strong>adhue</strong></span> <span class='ocrx_word' id='word_1_195' title='bbox 687 2781 793 2852; x_wconf 84' lang='lat' dir='ltr'><strong>villas</strong></span> <span class='ocrx_word' id='word_1_196' title='bbox 815 2780 1020 2854; x_wconf 85' lang='lat' dir='ltr'><strong>tenentibus</strong></span> <span class='ocrx_word' id='word_1_197' title='bbox 1043 2781 1191 2874; x_wconf 88' lang='lat' dir='ltr'><strong>prelatis</strong></span> <span class='ocrx_word' id='word_1_198' title='bbox 1216 2787 1251 2852; x_wconf 90' lang='lat' dir='ltr'><strong>et</strong></span> <span class='ocrx_word' id='word_1_199' title='bbox 1274 2783 1456 2854; x_wconf 90' lang='lat' dir='ltr'><strong>canonicis</strong></span> <span class='ocrx_word' id='word_1_200' title='bbox 1479 2781 1671 2864; x_wconf 84' lang='lat' dir='ltr'><strong>irum‘anta,</strong></span> <span class='ocrx_word' id='word_1_201' title='bbox 1694 2778 1803 2852; x_wconf 90' lang='lat' dir='ltr'><strong>blada</strong></span> <span class='ocrx_word' id='word_1_202' title='bbox 1821 2785 1857 2852; x_wconf 91' lang='lat' dir='ltr'><strong>et</strong></span> <span class='ocrx_word' id='word_1_203' title='bbox 1876 2779 1970 2852; x_wconf 87' lang='lat' dir='ltr'><strong>irue-</strong></span> 
     </span>
     <span class='ocr_line' id='line_1_22' title="bbox 440 2886 1970 2980; baseline -0.001 -18"><span class='ocrx_word' id='word_1_204' title='bbox 440 2897 492 2962; x_wconf 92' lang='lat' dir='ltr'><strong>tus</strong></span> <span class='ocrx_word' id='word_1_205' title='bbox 513 2888 620 2960; x_wconf 85' lang='lat' dir='ltr'><strong>huius</strong></span> <span class='ocrx_word' id='word_1_206' title='bbox 642 2889 771 2960; x_wconf 89' lang='lat' dir='ltr'><strong>messis</strong></span> <span class='ocrx_word' id='word_1_207' title='bbox 795 2887 840 2962; x_wconf 88' lang='lat' dir='ltr'><strong>de</strong></span> <span class='ocrx_word' id='word_1_208' title='bbox 863 2891 960 2980; x_wconf 82' lang='lat' dir='ltr'><strong>agris</strong></span> <span class='ocrx_word' id='word_1_209' title='bbox 983 2895 1020 2961; x_wconf 92' lang='lat' dir='ltr'><strong>et</strong></span> <span class='ocrx_word' id='word_1_210' title='bbox 1042 2886 1195 2980; x_wconf 76' lang='lat' dir='ltr'><strong>allodiis,</strong></span> <span class='ocrx_word' id='word_1_211' title='bbox 1219 2907 1289 2980; x_wconf 89' lang='lat' dir='ltr'><strong>que</strong></span> <span class='ocrx_word' id='word_1_212' title='bbox 1312 2890 1388 2960; x_wconf 90' lang='lat' dir='ltr'><strong>suis</strong></span> <span class='ocrx_word' id='word_1_213' title='bbox 1411 2887 1592 2960; x_wconf 84' lang='lat' dir='ltr'><strong>laboribus</strong></span> <span class='ocrx_word' id='word_1_214' title='bbox 1616 2893 1653 2960; x_wconf 91' lang='lat' dir='ltr'><strong>et</strong></span> <span class='ocrx_word' id='word_1_215' title='bbox 1675 2891 1842 2980; x_wconf 82' lang='lat' dir='ltr'><strong>expensis</strong></span> <span class='ocrx_word' id='word_1_216' title='bbox 1864 2891 1970 2961; x_wconf 85' lang='lat' dir='ltr'><strong>serni·</strong></span> 
     </span>
     <span class='ocr_line' id='line_1_23' title="bbox 440 2989 1969 3090; baseline -0.001 -20"><span class='ocrx_word' id='word_1_217' title='bbox 440 3001 615 3079; x_wconf 85' lang='lat' dir='ltr'><strong>nauemnt,</strong></span> <span class='ocrx_word' id='word_1_218' title='bbox 640 3014 683 3069; x_wconf 88' lang='lat' dir='ltr'><strong>ac</strong></span> <span class='ocrx_word' id='word_1_219' title='bbox 705 3015 865 3087; x_wconf 80' lang='lat' dir='ltr'><strong>peccora,</strong></span> <span class='ocrx_word' id='word_1_220' title='bbox 887 2995 1076 3090; x_wconf 90' lang='lat' dir='ltr'><strong>peccudes,</strong></span> <span class='ocrx_word' id='word_1_221' title='bbox 1108 2995 1277 3068; x_wconf 89' lang='lat' dir='ltr'><strong>animalia</strong></span> <span class='ocrx_word' id='word_1_222' title='bbox 1301 2999 1337 3067; x_wconf 90' lang='lat' dir='ltr'><strong>et</strong></span> <span class='ocrx_word' id='word_1_223' title='bbox 1359 3015 1427 3082; x_wconf 87' lang='lat' dir='ltr'><strong>res,</strong></span> <span class='ocrx_word' id='word_1_224' title='bbox 1459 3015 1549 3087; x_wconf 90' lang='lat' dir='ltr'><strong>quas</strong></span> <span class='ocrx_word' id='word_1_225' title='bbox 1578 2998 1649 3088; x_wconf 91' lang='lat' dir='ltr'><strong>ipsi</strong></span> <span class='ocrx_word' id='word_1_226' title='bbox 1672 2989 1889 3068; x_wconf 85' lang='lat' dir='ltr'><strong>induxerunt</strong></span> <span class='ocrx_word' id='word_1_227' title='bbox 1910 2997 1969 3070; x_wconf 90' lang='lat' dir='ltr'><strong>uel</strong></span> 
     </span>
     <span class='ocr_line' id='line_1_24' title="bbox 440 3099 1969 3196; baseline 0.001 -22"><span class='ocrx_word' id='word_1_228' title='bbox 440 3107 528 3176; x_wconf 83' lang='lat' dir='ltr'><strong>intas</strong></span> <span class='ocrx_word' id='word_1_229' title='bbox 550 3102 693 3188; x_wconf 75' lang='lat' dir='ltr'><strong>habent,</strong></span> <span class='ocrx_word' id='word_1_230' title='bbox 728 3123 798 3195; x_wconf 91' lang='lat' dir='ltr'><strong>que</strong></span> <span class='ocrx_word' id='word_1_231' title='bbox 819 3101 971 3176; x_wconf 87' lang='lat' dir='ltr'><strong>libemrn</strong></span> <span class='ocrx_word' id='word_1_232' title='bbox 995 3107 1044 3176; x_wconf 92' lang='lat' dir='ltr'><strong>sit</strong></span> <span class='ocrx_word' id='word_1_233' title='bbox 1067 3107 1119 3176; x_wconf 87' lang='lat' dir='ltr'><strong>eis</strong></span> <span class='ocrx_word' id='word_1_234' title='bbox 1143 3108 1287 3188; x_wconf 88' lang='lat' dir='ltr'><strong>metere,</strong></span> <span class='ocrx_word' id='word_1_235' title='bbox 1324 3103 1458 3188; x_wconf 88' lang='lat' dir='ltr'><strong>toliere,</strong></span> <span class='ocrx_word' id='word_1_236' title='bbox 1491 3099 1669 3176; x_wconf 90' lang='lat' dir='ltr'><strong>abducere</strong></span> <span class='ocrx_word' id='word_1_237' title='bbox 1691 3107 1728 3175; x_wconf 87' lang='lat' dir='ltr'><strong>ot</strong></span> <span class='ocrx_word' id='word_1_238' title='bbox 1750 3101 1883 3176; x_wconf 90' lang='lat' dir='ltr'><strong>babere</strong></span> <span class='ocrx_word' id='word_1_239' title='bbox 1904 3123 1969 3196; x_wconf 87' lang='lat' dir='ltr'><strong>pro</strong></span> 
     </span>
     <span class='ocr_line' id='line_1_25' title="bbox 440 3209 1970 3303; baseline 0.001 -20"><span class='ocrx_word' id='word_1_240' title='bbox 440 3231 484 3296; x_wconf 90' lang='lat' dir='ltr'><strong>se,</strong></span> <span class='ocrx_word' id='word_1_241' title='bbox 513 3210 644 3284; x_wconf 89' lang='lat' dir='ltr'><strong>arando</strong></span> <span class='ocrx_word' id='word_1_242' title='bbox 667 3215 789 3284; x_wconf 89' lang='lat' dir='ltr'><strong>tamen</strong></span> <span class='ocrx_word' id='word_1_243' title='bbox 811 3216 849 3283; x_wconf 92' lang='lat' dir='ltr'><strong>et</strong></span> <span class='ocrx_word' id='word_1_244' title='bbox 871 3210 1018 3284; x_wconf 89' lang='lat' dir='ltr'><strong>colendo</strong></span> <span class='ocrx_word' id='word_1_245' title='bbox 1042 3215 1150 3303; x_wconf 85' lang='lat' dir='ltr'><strong>atqua</strong></span> <span class='ocrx_word' id='word_1_246' title='bbox 1173 3212 1219 3284; x_wconf 91' lang='lat' dir='ltr'><strong>de</strong></span> <span class='ocrx_word' id='word_1_247' title='bbox 1241 3231 1307 3284; x_wconf 93' lang='lat' dir='ltr'><strong>suo</strong></span> <span class='ocrx_word' id='word_1_248' title='bbox 1330 3209 1541 3284; x_wconf 89' lang='lat' dir='ltr'><strong>seminando</strong></span> <span class='ocrx_word' id='word_1_249' title='bbox 1572 3229 1678 3301; x_wconf 90' lang='lat' dir='ltr'><strong>agros</strong></span> <span class='ocrx_word' id='word_1_250' title='bbox 1702 3217 1785 3283; x_wconf 90' lang='lat' dir='ltr'><strong>ante</strong></span> <span class='ocrx_word' id='word_1_251' title='bbox 1808 3209 1970 3284; x_wconf 75' lang='lat' dir='ltr'><strong>suturam</strong></span> 
     </span>
     <span class='ocr_line' id='line_1_26' title="bbox 440 3317 1972 3412; baseline 0.001 -21"><span class='ocrx_word' id='word_1_252' title='bbox 440 3321 539 3391; x_wconf 84' lang='lat' dir='ltr'><strong>istam</strong></span> <span class='ocrx_word' id='word_1_253' title='bbox 570 3337 774 3412; x_wconf 76' lang='lat' dir='ltr'><strong>yempmem</strong></span> <span class='ocrx_word' id='word_1_254' title='bbox 807 3317 1052 3403; x_wconf 70' lang='lat' dir='ltr'><strong>seminandam</strong></span> <span class='ocrx_word' id='word_1_255' title='bbox 1087 3339 1216 3393; x_wconf 90' lang='lat' dir='ltr'><strong>census</strong></span> <span class='ocrx_word' id='word_1_256' title='bbox 1250 3323 1372 3392; x_wconf 91' lang='lat' dir='ltr'><strong>autem</strong></span> <span class='ocrx_word' id='word_1_257' title='bbox 1395 3323 1432 3392; x_wconf 94' lang='lat' dir='ltr'><strong>et</strong></span> <span class='ocrx_word' id='word_1_258' title='bbox 1453 3317 1693 3392; x_wconf 88' lang='lat' dir='ltr'><strong>obuencionas</strong></span> <span class='ocrx_word' id='word_1_259' title='bbox 1724 3335 1972 3410; x_wconf 88' lang='lat' dir='ltr'><strong>quascumque</strong></span> 
     </span>
     <span class='ocr_line' id='line_1_27' title="bbox 440 3415 2081 3534; baseline 0.002 -37"><span class='ocrx_word' id='word_1_260' title='bbox 440 3431 472 3496; x_wconf 86' lang='lat' dir='ltr'><strong>et</strong></span> <span class='ocrx_word' id='word_1_261' title='bbox 492 3445 732 3518; x_wconf 87' lang='lat' dir='ltr'><strong>quoscumque</strong></span> <span class='ocrx_word' id='word_1_262' title='bbox 760 3425 849 3499; x_wconf 89' lang='lat' dir='ltr'><strong>aiios</strong></span> <span class='ocrx_word' id='word_1_263' title='bbox 879 3431 916 3498; x_wconf 91' lang='lat' dir='ltr'><strong>et</strong></span> <span class='ocrx_word' id='word_1_264' title='bbox 945 3425 1035 3500; x_wconf 84' lang='lat' dir='ltr'><strong>alias</strong></span> <span class='ocrx_word' id='word_1_265' title='bbox 1065 3427 1221 3521; x_wconf 87' lang='lat' dir='ltr'><strong>capitulo</strong></span> <span class='ocrx_word' id='word_1_266' title='bbox 1251 3430 1289 3499; x_wconf 92' lang='lat' dir='ltr'><strong>in</strong></span> <span class='ocrx_word' id='word_1_267' title='bbox 1320 3429 1503 3534; x_wconf 87' lang='lat' dir='ltr'><strong>communi</strong></span> <span class='ocrx_word' id='word_1_268' title='bbox 1530 3415 1970 3519; x_wconf 61' lang='lat' dir='ltr'><strong>usquamusquam</strong></span> <span class='ocrx_word' id='word_1_269' title='bbox 2079 3441 2081 3444; x_wconf 85' lang='grc'><strong><em>·</em></strong></span> 
     </span>
     <span class='ocr_line' id='line_1_28' title="bbox 441 3533 1971 3628; baseline 0.003 -24"><span class='ocrx_word' id='word_1_270' title='bbox 441 3533 556 3624; x_wconf 88' lang='lat' dir='ltr'><strong>prelati</strong></span> <span class='ocrx_word' id='word_1_271' title='bbox 589 3538 627 3606; x_wconf 89' lang='lat' dir='ltr'><strong>et</strong></span> <span class='ocrx_word' id='word_1_272' title='bbox 659 3537 823 3607; x_wconf 89' lang='lat' dir='ltr'><strong>canonici</strong></span> <span class='ocrx_word' id='word_1_273' title='bbox 855 3534 957 3607; x_wconf 87' lang='lat' dir='ltr'><strong>liberi</strong></span> <span class='ocrx_word' id='word_1_274' title='bbox 981 3556 1004 3608; x_wconf 89' lang='lat' dir='ltr'><strong>a</strong></span> <span class='ocrx_word' id='word_1_275' title='bbox 1024 3535 1213 3608; x_wconf 84' lang='lat' dir='ltr'><strong>rilicomm</strong></span> <span class='ocrx_word' id='word_1_276' title='bbox 1236 3535 1548 3628; x_wconf 82' lang='lat' dir='ltr'><strong>occupaeionibas,</strong></span> <span class='ocrx_word' id='word_1_277' title='bbox 1587 3533 1736 3612; x_wconf 86' lang='lat' dir='ltr'><strong>comode</strong></span> <span class='ocrx_word' id='word_1_278' title='bbox 1763 3535 1910 3608; x_wconf 79' lang='lat' dir='ltr'><strong>ualeant</strong></span> <span class='ocrx_word' id='word_1_279' title='bbox 1932 3539 1971 3608; x_wconf 93' lang='lat' dir='ltr'><strong>in</strong></span> 
     </span>
     <span class='ocr_line' id='line_1_29' title="bbox 441 3639 1971 3736; baseline 0.003 -23"><span class='ocrx_word' id='word_1_280' title='bbox 441 3639 582 3714; x_wconf 84' lang='lat' dir='ltr'><strong>ecclesia</strong></span> <span class='ocrx_word' id='word_1_281' title='bbox 614 3639 775 3736; x_wconf 89' lang='lat' dir='ltr'><strong>predicta</strong></span> <span class='ocrx_word' id='word_1_282' title='bbox 813 3639 936 3715; x_wconf 88' lang='lat' dir='ltr'><strong>diuina</strong></span> <span class='ocrx_word' id='word_1_283' title='bbox 969 3641 1092 3716; x_wconf 84' lang='lat' dir='ltr'><strong>cilicia</strong></span> <span class='ocrx_word' id='word_1_284' title='bbox 1120 3643 1298 3736; x_wconf 88' lang='lat' dir='ltr'><strong>complere</strong></span> <span class='ocrx_word' id='word_1_285' title='bbox 1332 3639 1381 3715; x_wconf 91' lang='lat' dir='ltr'><strong>ad</strong></span> <span class='ocrx_word' id='word_1_286' title='bbox 1412 3640 1479 3714; x_wconf 89' lang='lat' dir='ltr'><strong>Del</strong></span> <span class='ocrx_word' id='word_1_287' title='bbox 1512 3641 1667 3715; x_wconf 89' lang='lat' dir='ltr'><strong>laudem.</strong></span> <span class='ocrx_word' id='word_1_288' title='bbox 1714 3643 1822 3734; x_wconf 59' lang='grc' dir='ltr'><strong>(μ).</strong></span> <span class='ocrx_word' id='word_1_289' title='bbox 1853 3642 1971 3717; x_wconf 66' lang='lat' dir='ltr'><strong>Statu*</strong></span> 
     </span>
     <span class='ocr_line' id='line_1_30' title="bbox 441 3747 1971 3844; baseline 0.005 -27"><span class='ocrx_word' id='word_1_290' title='bbox 441 3747 527 3820; x_wconf 89' lang='lat' dir='ltr'><strong>lmus</strong></span> <span class='ocrx_word' id='word_1_291' title='bbox 549 3751 663 3822; x_wconf 88' lang='lat' dir='ltr'><strong>eciam</strong></span> <span class='ocrx_word' id='word_1_292' title='bbox 694 3753 866 3844; x_wconf 88' lang='lat' dir='ltr'><strong>perpetuo</strong></span> <span class='ocrx_word' id='word_1_293' title='bbox 893 3749 1123 3835; x_wconf 86' lang='lat' dir='ltr'><strong>seruandum,</strong></span> <span class='ocrx_word' id='word_1_294' title='bbox 1158 3755 1199 3822; x_wconf 84' lang='lat' dir='ltr'><strong>vt</strong></span> <span class='ocrx_word' id='word_1_295' title='bbox 1221 3752 1435 3844; x_wconf 84' lang='lat' dir='ltr'><strong>prepositus,</strong></span> <span class='ocrx_word' id='word_1_296' title='bbox 1469 3747 1608 3843; x_wconf 88' lang='lat' dir='ltr'><strong>prelati,</strong></span> <span class='ocrx_word' id='word_1_297' title='bbox 1644 3753 1817 3836; x_wconf 86' lang='lat' dir='ltr'><strong>canonici,</strong></span> <span class='ocrx_word' id='word_1_298' title='bbox 1852 3764 1971 3844; x_wconf 85' lang='lat' dir='ltr'><strong>perso·</strong></span> 
     </span>
     <span class='ocr_line' id='line_1_31' title="bbox 441 3854 1986 3952; baseline 0.005 -27"><span class='ocrx_word' id='word_1_299' title='bbox 441 3873 547 3948; x_wconf 89' lang='lat' dir='ltr'><strong>neque</strong></span> <span class='ocrx_word' id='word_1_300' title='bbox 580 3857 793 3952; x_wconf 85' lang='lat' dir='ltr'><strong>capitulares</strong></span> <span class='ocrx_word' id='word_1_301' title='bbox 823 3855 918 3931; x_wconf 87' lang='lat' dir='ltr'><strong>dicte</strong></span> <span class='ocrx_word' id='word_1_302' title='bbox 955 3859 1104 3932; x_wconf 88' lang='lat' dir='ltr'><strong>ecclesie</strong></span> <span class='ocrx_word' id='word_1_303' title='bbox 1140 3857 1359 3932; x_wconf 81' lang='lat' dir='ltr'><strong>dnaznensu</strong></span> <span class='ocrx_word' id='word_1_304' title='bbox 1391 3879 1456 3951; x_wconf 90' lang='lat' dir='ltr'><strong>per</strong></span> <span class='ocrx_word' id='word_1_305' title='bbox 1490 3854 1662 3943; x_wconf 87' lang='lat' dir='ltr'><strong>ordinem,</strong></span> <span class='ocrx_word' id='word_1_306' title='bbox 1693 3855 1844 3950; x_wconf 90' lang='lat' dir='ltr'><strong>quilibet</strong></span> <span class='ocrx_word' id='word_1_307' title='bbox 1866 3873 1986 3948; x_wconf 57' lang='lat' dir='ltr'><strong>suam,</strong></span> 
     </span>
     <span class='ocr_line' id='line_1_32' title="bbox 440 3963 1972 4067; baseline 0.004 -33"><span class='ocrx_word' id='word_1_308' title='bbox 440 3966 669 4055; x_wconf 85' lang='lat' dir='ltr'><strong>septimanam</strong></span> <span class='ocrx_word' id='word_1_309' title='bbox 702 3967 836 4038; x_wconf 88' lang='lat' dir='ltr'><strong>seruiet</strong></span> <span class='ocrx_word' id='word_1_310' title='bbox 871 3985 937 4058; x_wconf 92' lang='lat' dir='ltr'><strong>per</strong></span> <span class='ocrx_word' id='word_1_311' title='bbox 957 3987 998 4038; x_wconf 86' lang='lat' dir='ltr'><strong>aa</strong></span> <span class='ocrx_word' id='word_1_312' title='bbox 1020 3967 1080 4040; x_wconf 87' lang='lat' dir='ltr'><strong>uei</strong></span> <span class='ocrx_word' id='word_1_313' title='bbox 1111 3963 1222 4067; x_wconf 88' lang='lat' dir='ltr'><strong>alium</strong></span> <span class='ocrx_word' id='word_1_314' title='bbox 1246 3968 1460 4040; x_wconf 88' lang='lat' dir='ltr'><strong>canonicum</strong></span> <span class='ocrx_word' id='word_1_315' title='bbox 1490 3969 1555 4039; x_wconf 88' lang='lat' dir='ltr'><strong>aut</strong></span> <span class='ocrx_word' id='word_1_316' title='bbox 1585 3966 1765 4059; x_wconf 88' lang='lat' dir='ltr'><strong>prelatum</strong></span> <span class='ocrx_word' id='word_1_317' title='bbox 1800 3963 1880 4039; x_wconf 89' lang='lat' dir='ltr'><strong>loco</strong></span> <span class='ocrx_word' id='word_1_318' title='bbox 1914 3969 1972 4040; x_wconf 89' lang='lat' dir='ltr'><strong>sui</strong></span> 
     </span>
     <span class='ocr_line' id='line_1_33' title="bbox 442 4070 1971 4168; baseline 0.006 -29"><span class='ocrx_word' id='word_1_319' title='bbox 442 4072 582 4145; x_wconf 88' lang='lat' dir='ltr'><strong>missam</strong></span> <span class='ocrx_word' id='word_1_320' title='bbox 604 4071 781 4146; x_wconf 89' lang='lat' dir='ltr'><strong>cantando</strong></span> <span class='ocrx_word' id='word_1_321' title='bbox 803 4093 986 4147; x_wconf 88' lang='lat' dir='ltr'><strong>summam</strong></span> <span class='ocrx_word' id='word_1_322' title='bbox 1009 4071 1137 4147; x_wconf 88' lang='lat' dir='ltr'><strong>diebus</strong></span> <span class='ocrx_word' id='word_1_323' title='bbox 1160 4075 1323 4165; x_wconf 84' lang='lat' dir='ltr'><strong>singuiis,</strong></span> <span class='ocrx_word' id='word_1_324' title='bbox 1346 4070 1604 4168; x_wconf 90' lang='lat' dir='ltr'><strong>impedimento</strong></span> <span class='ocrx_word' id='word_1_325' title='bbox 1620 4079 1785 4147; x_wconf 86' lang='lat' dir='ltr'><strong>cessante</strong></span> <span class='ocrx_word' id='word_1_326' title='bbox 1800 4079 1971 4148; x_wconf 88' lang='lat' dir='ltr'><strong>canonice</strong></span> 
     </span>
     <span class='ocr_line' id='line_1_34' title="bbox 440 4175 1972 4276; baseline 0.005 -28"><span class='ocrx_word' id='word_1_327' title='bbox 440 4175 475 4247; x_wconf 89' lang='lat' dir='ltr'><strong>ln</strong></span> <span class='ocrx_word' id='word_1_328' title='bbox 495 4178 596 4252; x_wconf 87' lang='lat' dir='ltr'><strong>altari</strong></span> <span class='ocrx_word' id='word_1_329' title='bbox 618 4197 770 4267; x_wconf 85' lang='lat' dir='ltr'><strong>summo,</strong></span> <span class='ocrx_word' id='word_1_330' title='bbox 794 4183 832 4254; x_wconf 93' lang='lat' dir='ltr'><strong>in</strong></span> <span class='ocrx_word' id='word_1_331' title='bbox 856 4201 926 4274; x_wconf 93' lang='lat' dir='ltr'><strong>quo</strong></span> <span class='ocrx_word' id='word_1_332' title='bbox 949 4187 1068 4276; x_wconf 87' lang='lat' dir='ltr'><strong>preter</strong></span> <span class='ocrx_word' id='word_1_333' title='bbox 1084 4182 1403 4276; x_wconf 87' lang='lat' dir='ltr'><strong>arehiepiscopum,</strong></span> <span class='ocrx_word' id='word_1_334' title='bbox 1427 4184 1624 4276; x_wconf 89' lang='lat' dir='ltr'><strong>episcopos,</strong></span> <span class='ocrx_word' id='word_1_335' title='bbox 1647 4180 1804 4275; x_wconf 86' lang='lat' dir='ltr'><strong>prolatos</strong></span> <span class='ocrx_word' id='word_1_336' title='bbox 1819 4187 1855 4256; x_wconf 90' lang='lat' dir='ltr'><strong>et</strong></span> <span class='ocrx_word' id='word_1_337' title='bbox 1869 4201 1972 4258; x_wconf 89' lang='lat' dir='ltr'><strong>cano·</strong></span> 
     </span>
     <span class='ocr_line' id='line_1_35' title="bbox 443 4283 1974 4385; baseline 0.007 -30"><span class='ocrx_word' id='word_1_338' title='bbox 443 4283 532 4358; x_wconf 88' lang='lat' dir='ltr'><strong>uicos</strong></span> <span class='ocrx_word' id='word_1_339' title='bbox 555 4307 659 4361; x_wconf 91' lang='lat' dir='ltr'><strong>nemo</strong></span> <span class='ocrx_word' id='word_1_340' title='bbox 681 4305 841 4380; x_wconf 81' lang='lat' dir='ltr'><strong>unquam</strong></span> <span class='ocrx_word' id='word_1_341' title='bbox 863 4289 982 4381; x_wconf 85' lang='lat' dir='ltr'><strong>legere</strong></span> <span class='ocrx_word' id='word_1_342' title='bbox 1005 4293 1157 4381; x_wconf 83' lang='lat' dir='ltr'><strong>nussam</strong></span> <span class='ocrx_word' id='word_1_343' title='bbox 1180 4292 1239 4362; x_wconf 90' lang='lat' dir='ltr'><strong>uel</strong></span> <span class='ocrx_word' id='word_1_344' title='bbox 1262 4295 1408 4384; x_wconf 87' lang='lat' dir='ltr'><strong>cantare</strong></span> <span class='ocrx_word' id='word_1_345' title='bbox 1431 4293 1635 4382; x_wconf 78' lang='lat' dir='ltr'><strong>prestrmat3¹</strong></span> <span class='ocrx_word' id='word_1_346' title='bbox 1661 4288 1886 4381; x_wconf 87' lang='lat' dir='ltr'><strong>negligentes</strong></span> <span class='ocrx_word' id='word_1_347' title='bbox 1909 4308 1974 4385; x_wconf 91' lang='lat' dir='ltr'><strong>per</strong></span> 
     </span>
     <span class='ocr_line' id='line_1_36' title="bbox 442 4393 1974 4490; baseline 0.007 -27"><span class='ocrx_word' id='word_1_348' title='bbox 442 4407 477 4461; x_wconf 83' lang='lat' dir='ltr'><strong>se</strong></span> <span class='ocrx_word' id='word_1_349' title='bbox 496 4393 554 4466; x_wconf 92' lang='lat' dir='ltr'><strong>uel</strong></span> <span class='ocrx_word' id='word_1_350' title='bbox 586 4413 650 4490; x_wconf 88' lang='lat' dir='ltr'><strong>per</strong></span> <span class='ocrx_word' id='word_1_351' title='bbox 673 4396 794 4482; x_wconf 85' lang='lat' dir='ltr'><strong>alium,</strong></span> <span class='ocrx_word' id='word_1_352' title='bbox 816 4401 859 4470; x_wconf 91' lang='lat' dir='ltr'><strong>ut</strong></span> <span class='ocrx_word' id='word_1_353' title='bbox 880 4399 1097 4490; x_wconf 88' lang='lat' dir='ltr'><strong>premissum</strong></span> <span class='ocrx_word' id='word_1_354' title='bbox 1121 4401 1187 4484; x_wconf 86' lang='lat' dir='ltr'><strong>est,</strong></span> <span class='ocrx_word' id='word_1_355' title='bbox 1224 4401 1463 4490; x_wconf 89' lang='lat' dir='ltr'><strong>septimanam</strong></span> <span class='ocrx_word' id='word_1_356' title='bbox 1493 4417 1609 4480; x_wconf 87' lang='lat' dir='ltr'><strong>suam,</strong></span> <span class='ocrx_word' id='word_1_357' title='bbox 1640 4398 1780 4471; x_wconf 88' lang='lat' dir='ltr'><strong>soluere</strong></span> <span class='ocrx_word' id='word_1_358' title='bbox 1807 4403 1974 4473; x_wconf 87' lang='lat' dir='ltr'><strong>teneatur</strong></span> 
     </span>
     <span class='ocr_line' id='line_1_37' title="bbox 442 4499 1971 4598; baseline 0.007 -29"><span class='ocrx_word' id='word_1_359' title='bbox 442 4512 542 4573; x_wconf 85' lang='lat' dir='ltr'><strong>marn</strong></span> <span class='ocrx_word' id='word_1_360' title='bbox 564 4523 723 4576; x_wconf 82' lang='lat' dir='ltr'><strong>mmcam</strong></span> <span class='ocrx_word' id='word_1_361' title='bbox 744 4503 983 4578; x_wconf 85' lang='lat' dir='ltr'><strong>Polenicaiem</strong></span> <span class='ocrx_word' id='word_1_362' title='bbox 1005 4505 1296 4597; x_wconf 88' lang='lat' dir='ltr'><strong>procuratoribus</strong></span> <span class='ocrx_word' id='word_1_363' title='bbox 1318 4507 1463 4579; x_wconf 91' lang='lat' dir='ltr'><strong>nemine</strong></span> <span class='ocrx_word' id='word_1_364' title='bbox 1487 4499 1634 4598; x_wconf 90' lang='lat' dir='ltr'><strong>capituli</strong></span> <span class='ocrx_word' id='word_1_365' title='bbox 1657 4523 1722 4598; x_wconf 89' lang='lat' dir='ltr'><strong>per</strong></span> <span class='ocrx_word' id='word_1_366' title='bbox 1736 4525 1798 4580; x_wconf 89' lang='lat' dir='ltr'><strong>eos</strong></span> <span class='ocrx_word' id='word_1_367' title='bbox 1822 4506 1869 4580; x_wconf 86' lang='lat' dir='ltr'><strong>ad</strong></span> <span class='ocrx_word' id='word_1_368' title='bbox 1892 4506 1971 4592; x_wconf 88' lang='lat' dir='ltr'><strong>hoc,</strong></span> 
     </span>
     <span class='ocr_line' id='line_1_38' title="bbox 442 4605 1997 4708; baseline 0.008 -33"><span class='ocrx_word' id='word_1_369' title='bbox 442 4605 635 4685; x_wconf 87' lang='lat' dir='ltr'><strong>sineeessa</strong></span> <span class='ocrx_word' id='word_1_370' title='bbox 656 4611 774 4697; x_wconf 84' lang='lat' dir='ltr'><strong>luerit,</strong></span> <span class='ocrx_word' id='word_1_371' title='bbox 799 4610 1065 4705; x_wconf 87' lang='lat' dir='ltr'><strong>compellendus</strong></span> <span class='ocrx_word' id='word_1_372' title='bbox 1082 4613 1326 4686; x_wconf 89' lang='lat' dir='ltr'><strong>ecclesiastica</strong></span> <span class='ocrx_word' id='word_1_373' title='bbox 1350 4632 1511 4686; x_wconf 90' lang='lat' dir='ltr'><strong>censura.</strong></span> <span class='ocrx_word' id='word_1_374' title='bbox 1559 4615 1596 4703; x_wconf 65' lang='grc' dir='ltr'><strong>(ς</strong></span> <span class='ocrx_word' id='word_1_375' title='bbox 1619 4615 1666 4701; x_wconf 81' lang='lat' dir='ltr'><strong>b).</strong></span> <span class='ocrx_word' id='word_1_376' title='bbox 1689 4609 1840 4708; x_wconf 90' lang='lat' dir='ltr'><strong>Insuper</strong></span> <span class='ocrx_word' id='word_1_377' title='bbox 1855 4613 1997 4690; x_wconf 48' lang='lat' dir='ltr'><strong>decer?</strong></span> 
     </span>
    </p>

    <p class='ocr_par' dir='ltr' id='par_1_3' title="bbox 382 4712 2114 5246">
     <span class='ocr_line' id='line_1_39' title="bbox 382 4712 2114 4816; baseline 0.007 -31"><span class='ocrx_word' id='word_1_378' title='bbox 382 4751 386 4758; x_wconf 93' lang='lat'>·</span> <span class='ocrx_word' id='word_1_379' title='bbox 443 4712 553 4788; x_wconf 81' lang='lat' dir='ltr'><strong>nimus</strong></span> <span class='ocrx_word' id='word_1_380' title='bbox 585 4721 622 4792; x_wconf 89' lang='lat' dir='ltr'><strong>et</strong></span> <span class='ocrx_word' id='word_1_381' title='bbox 654 4719 879 4812; x_wconf 86' lang='lat' dir='ltr'><strong>presentibus</strong></span> <span class='ocrx_word' id='word_1_382' title='bbox 913 4718 1129 4794; x_wconf 89' lang='lat' dir='ltr'><strong>mandamus</strong></span> <span class='ocrx_word' id='word_1_383' title='bbox 1163 4723 1293 4814; x_wconf 89' lang='lat' dir='ltr'><strong>mmpi,</strong></span> <span class='ocrx_word' id='word_1_384' title='bbox 1325 4721 1476 4794; x_wconf 84' lang='lat' dir='ltr'><strong>lacerari</strong></span> <span class='ocrx_word' id='word_1_385' title='bbox 1511 4725 1547 4792; x_wconf 91' lang='lat' dir='ltr'><strong>at</strong></span> <span class='ocrx_word' id='word_1_386' title='bbox 1576 4718 1623 4792; x_wconf 90' lang='lat' dir='ltr'><strong>ad</strong></span> <span class='ocrx_word' id='word_1_387' title='bbox 1654 4721 1829 4795; x_wconf 89' lang='lat' dir='ltr'><strong>nichilum</strong></span> <span class='ocrx_word' id='word_1_388' title='bbox 1859 4721 1974 4816; x_wconf 87' lang='lat' dir='ltr'><strong>redigi</strong></span> <span class='ocrx_word' id='word_1_389' title='bbox 2074 4784 2114 4809; x_wconf 86' lang='grc'><strong>,,</strong></span> 
     </span>
     <span class='ocr_line' id='line_1_40' title="bbox 442 4825 2087 4924; baseline 0.007 -31"><span class='ocrx_word' id='word_1_390' title='bbox 442 4825 555 4896; x_wconf 86' lang='lat' dir='ltr'><strong>onnia</strong></span> <span class='ocrx_word' id='word_1_391' title='bbox 580 4829 617 4898; x_wconf 87' lang='lat' dir='ltr'><strong>ot</strong></span> <span class='ocrx_word' id='word_1_392' title='bbox 638 4827 781 4918; x_wconf 84' lang='lat' dir='ltr'><strong>singula</strong></span> <span class='ocrx_word' id='word_1_393' title='bbox 802 4827 1001 4920; x_wconf 86' lang='lat' dir='ltr'><strong>priuilegia,</strong></span> <span class='ocrx_word' id='word_1_394' title='bbox 1026 4827 1278 4922; x_wconf 76' lang='lat' dir='ltr'><strong>cyrographos,</strong></span> <span class='ocrx_word' id='word_1_395' title='bbox 1300 4827 1437 4913; x_wconf 86' lang='lat' dir='ltr'><strong>literas,</strong></span> <span class='ocrx_word' id='word_1_396' title='bbox 1460 4831 1710 4914; x_wconf 77' lang='lat' dir='ltr'><strong>instrumenta</strong></span> <span class='ocrx_word' id='word_1_397' title='bbox 1735 4833 1868 4902; x_wconf 83' lang='lat' dir='ltr'><strong>actast</strong></span> <span class='ocrx_word' id='word_1_398' title='bbox 1891 4850 1974 4924; x_wconf 90' lang='lat' dir='ltr'><strong>que·</strong></span> <span class='ocrx_word' id='word_1_399' title='bbox 2084 4845 2087 4854; x_wconf 78' lang='grc'><em>’</em></span> 
     </span>
     <span class='ocr_line' id='line_1_41' title="bbox 443 4935 1978 5030; baseline 0.005 -25"><span class='ocrx_word' id='word_1_400' title='bbox 443 4941 587 5023; x_wconf 68' lang='lat' dir='ltr'><strong>tumque</strong></span> <span class='ocrx_word' id='word_1_401' title='bbox 609 4937 834 5008; x_wconf 87' lang='lat' dir='ltr'><strong>munimenta</strong></span> <span class='ocrx_word' id='word_1_402' title='bbox 856 4941 892 5008; x_wconf 87' lang='lat' dir='ltr'><strong>at</strong></span> <span class='ocrx_word' id='word_1_403' title='bbox 914 4939 1061 5022; x_wconf 86' lang='lat' dir='ltr'><strong>statuta,</strong></span> <span class='ocrx_word' id='word_1_404' title='bbox 1085 4935 1204 5021; x_wconf 86' lang='lat' dir='ltr'><strong>lauda,</strong></span> <span class='ocrx_word' id='word_1_405' title='bbox 1228 4938 1385 5023; x_wconf 84' lang='lat' dir='ltr'><strong>arbitria,</strong></span> <span class='ocrx_word' id='word_1_406' title='bbox 1408 4938 1748 5030; x_wconf 87' lang='lat' dir='ltr'><strong>pronuucciaciones</strong></span> <span class='ocrx_word' id='word_1_407' title='bbox 1772 4939 1978 5014; x_wconf 71' lang='lat' dir='ltr'><strong>cuiuscum&#39;</strong></span> 
     </span>
     <span class='ocr_line' id='line_1_42' title="bbox 443 5044 1974 5141; baseline 0.009 -33"><span class='ocrx_word' id='word_1_408' title='bbox 443 5048 505 5120; x_wconf 77' lang='lat' dir='ltr'><strong>que</strong></span> <span class='ocrx_word' id='word_1_409' title='bbox 527 5044 747 5115; x_wconf 81' lang='lat' dir='ltr'><strong>auctoritatis</strong></span> <span class='ocrx_word' id='word_1_410' title='bbox 769 5045 956 5136; x_wconf 88' lang='lat' dir='ltr'><strong>premissis</strong></span> <span class='ocrx_word' id='word_1_411' title='bbox 978 5045 1038 5117; x_wconf 89' lang='lat' dir='ltr'><strong>uel</strong></span> <span class='ocrx_word' id='word_1_412' title='bbox 1061 5063 1186 5117; x_wconf 88' lang='lat' dir='ltr'><strong>aarum</strong></span> <span class='ocrx_word' id='word_1_413' title='bbox 1209 5045 1312 5116; x_wconf 87' lang='lat' dir='ltr'><strong>ultori</strong></span> <span class='ocrx_word' id='word_1_414' title='bbox 1335 5047 1523 5130; x_wconf 88' lang='lat' dir='ltr'><strong>contrariu,</strong></span> <span class='ocrx_word' id='word_1_415' title='bbox 1547 5065 1611 5138; x_wconf 89' lang='lat' dir='ltr'><strong>per</strong></span> <span class='ocrx_word' id='word_1_416' title='bbox 1633 5063 1704 5135; x_wconf 84' lang='lat' dir='ltr'><strong>qus</strong></span> <span class='ocrx_word' id='word_1_417' title='bbox 1725 5045 1785 5118; x_wconf 80' lang='lat' dir='ltr'><strong>vai</strong></span> <span class='ocrx_word' id='word_1_418' title='bbox 1800 5065 1865 5141; x_wconf 91' lang='lat' dir='ltr'><strong>per</strong></span> <span class='ocrx_word' id='word_1_419' title='bbox 1878 5045 1974 5137; x_wconf 88' lang='lat' dir='ltr'><strong>quod</strong></span> 
     </span>
     <span class='ocr_line' id='line_1_43' title="bbox 444 5145 1974 5246; baseline 0.01 -34"><span class='ocrx_word' id='word_1_420' title='bbox 444 5145 583 5238; x_wconf 78' lang='lat' dir='ltr'><strong>reaper</strong></span> <span class='ocrx_word' id='word_1_421' title='bbox 616 5170 724 5242; x_wconf 88' lang='lat' dir='ltr'><strong>quam</strong></span> <span class='ocrx_word' id='word_1_422' title='bbox 745 5153 923 5243; x_wconf 84' lang='lat' dir='ltr'><strong>premissa</strong></span> <span class='ocrx_word' id='word_1_423' title='bbox 955 5152 1015 5224; x_wconf 94' lang='lat' dir='ltr'><strong>uel</strong></span> <span class='ocrx_word' id='word_1_424' title='bbox 1037 5171 1162 5224; x_wconf 88' lang='lat' dir='ltr'><strong>eorum</strong></span> <span class='ocrx_word' id='word_1_425' title='bbox 1186 5149 1331 5244; x_wconf 92' lang='lat' dir='ltr'><strong>aliquod</strong></span> <span class='ocrx_word' id='word_1_426' title='bbox 1360 5157 1484 5246; x_wconf 88' lang='lat' dir='ltr'><strong>posset</strong></span> <span class='ocrx_word' id='word_1_427' title='bbox 1512 5151 1661 5241; x_wconf 79' lang='lat' dir='ltr'><strong>infringi</strong></span> <span class='ocrx_word' id='word_1_428' title='bbox 1693 5153 1752 5224; x_wconf 90' lang='lat' dir='ltr'><strong>uel</strong></span> <span class='ocrx_word' id='word_1_429' title='bbox 1782 5151 1974 5245; x_wconf 88' lang='lat' dir='ltr'><strong>quomedo-</strong></span> 
     </span>
    </p>
   </div>
   <div class='ocr_carea' id='block_1_3' title="bbox 15 3170 278 3565">
    <p class='ocr_par' dir='ltr' id='par_1_4' title="bbox 15 3170 278 3565">
     <span class='ocr_line' id='line_1_44' title="bbox 15 3170 245 3260; baseline 0.017 -22"><span class='ocrx_word' id='word_1_430' title='bbox 15 3191 19 3238; x_wconf 82' lang='lat'><strong>;</strong></span> <span class='ocrx_word' id='word_1_431' title='bbox 43 3170 245 3260; x_wconf 86' lang='lat' dir='ltr'><strong>eligendos,</strong></span> 
     </span>
     <span class='ocr_line' id='line_1_45' title="bbox 15 3279 244 3362; baseline 0.009 -14"><span class='ocrx_word' id='word_1_432' title='bbox 15 3297 55 3362; x_wconf 83' lang='lat' dir='ltr'><strong>is,</strong></span> <span class='ocrx_word' id='word_1_433' title='bbox 89 3279 244 3361; x_wconf 70' lang='lat' dir='ltr'><strong>fructus,</strong></span> 
     </span>
     <span class='ocr_line' id='line_1_46' title="bbox 15 3385 278 3466; baseline 0 -10"><span class='ocrx_word' id='word_1_434' title='bbox 15 3385 244 3466; x_wconf 84' lang='lat' dir='ltr'><strong>molendinis,</strong></span> <span class='ocrx_word' id='word_1_435' title='bbox 275 3440 278 3446; x_wconf 91' lang='lat'><em>.</em></span> 
     </span>
     <span class='ocr_line' id='line_1_47' title="bbox 15 3493 242 3565; baseline 0 -1"><span class='ocrx_word' id='word_1_436' title='bbox 15 3493 242 3565; x_wconf 77' lang='lat' dir='ltr'><strong>sessionibus</strong></span> 
     </span>
    </p>
   </div>
   <div class='ocr_carea' id='block_1_4' title="bbox 444 5239 1975 5354">
    <p class='ocr_par' dir='ltr' id='par_1_5' title="bbox 444 5239 1975 5354">
     <span class='ocr_line' id='line_1_48' title="bbox 444 5239 1975 5354; baseline 0.008 -33"><span class='ocrx_word' id='word_1_437' title='bbox 444 5239 523 5324; x_wconf 78' lang='lat' dir='ltr'><strong>libet</strong></span> <span class='ocrx_word' id='word_1_438' title='bbox 543 5255 717 5350; x_wconf 88' lang='lat' dir='ltr'><strong>impediri,</strong></span> <span class='ocrx_word' id='word_1_439' title='bbox 747 5278 827 5350; x_wconf 88' lang='lat' dir='ltr'><strong>que,</strong></span> <span class='ocrx_word' id='word_1_440' title='bbox 852 5257 948 5351; x_wconf 92' lang='lat' dir='ltr'><strong>quod</strong></span> <span class='ocrx_word' id='word_1_441' title='bbox 970 5279 1035 5331; x_wconf 92' lang='lat' dir='ltr'><strong>seu</strong></span> <span class='ocrx_word' id='word_1_442' title='bbox 1058 5279 1169 5350; x_wconf 90' lang='lat' dir='ltr'><strong>quam</strong></span> <span class='ocrx_word' id='word_1_443' title='bbox 1192 5279 1332 5333; x_wconf 84' lang='lat' dir='ltr'><strong>exnunc</strong></span> <span class='ocrx_word' id='word_1_444' title='bbox 1355 5265 1392 5333; x_wconf 90' lang='lat' dir='ltr'><strong>et</strong></span> <span class='ocrx_word' id='word_1_445' title='bbox 1413 5261 1665 5354; x_wconf 89' lang='lat' dir='ltr'><strong>inperpetuum</strong></span> <span class='ocrx_word' id='word_1_446' title='bbox 1690 5259 1915 5334; x_wconf 85' lang='lat' dir='ltr'><strong>declaramus</strong></span> <span class='ocrx_word' id='word_1_447' title='bbox 1939 5266 1975 5334; x_wconf 88' lang='lat' dir='ltr'><strong>et</strong></span> 
     </span>
    </p>
   </div>
   <div class='ocr_carea' id='block_1_5' title="bbox 444 5363 1972 5546">
    <p class='ocr_par' dir='ltr' id='par_1_6' title="bbox 444 5363 1972 5546">
     <span class='ocr_line' id='line_1_49' title="bbox 444 5363 1972 5544; baseline 0.006 -111"><span class='ocrx_word' id='word_1_448' title='bbox 444 5365 710 5544; x_wconf 46' lang='lat' dir='ltr'><strong>emigramus</strong></span> <span class='ocrx_word' id='word_1_449' title='bbox 745 5385 818 5442; x_wconf 89' lang='lat' dir='ltr'><strong>non</strong></span> <span class='ocrx_word' id='word_1_450' title='bbox 848 5371 971 5446; x_wconf 86' lang='lat' dir='ltr'><strong>tenere</strong></span> <span class='ocrx_word' id='word_1_451' title='bbox 1000 5386 1068 5440; x_wconf 88' lang='lat' dir='ltr'><strong>nac</strong></span> <span class='ocrx_word' id='word_1_452' title='bbox 1102 5366 1216 5444; x_wconf 88' lang='lat' dir='ltr'><strong>iidem</strong></span> <span class='ocrx_word' id='word_1_453' title='bbox 1249 5367 1378 5455; x_wconf 88' lang='lat' dir='ltr'><strong>iacere,</strong></span> <span class='ocrx_word' id='word_1_454' title='bbox 1412 5363 1478 5440; x_wconf 90' lang='lat' dir='ltr'><strong>sed</strong></span> <span class='ocrx_word' id='word_1_455' title='bbox 1499 5367 1636 5440; x_wconf 80' lang='lat' dir='ltr'><strong>umbus</strong></span> <span class='ocrx_word' id='word_1_456' title='bbox 1672 5388 1794 5441; x_wconf 87' lang='lat' dir='ltr'><strong>carere</strong></span> <span class='ocrx_word' id='word_1_457' title='bbox 1825 5369 1972 5466; x_wconf 85' lang='lat' dir='ltr'><strong>penitus</strong></span> 
     </span>
     <span class='ocr_line' id='line_1_50' title="bbox 495 5483 1750 5546; baseline 0.007 -6"><span class='ocrx_word' id='word_1_458' title='bbox 495 5483 538 5540; x_wconf 83' lang='lat' dir='ltr'><strong>ar</strong></span> <span class='ocrx_word' id='word_1_459' title='bbox 611 5493 644 5546; x_wconf 89' lang='lat' dir='ltr'><strong>o.</strong></span> <span class='ocrx_word' id='word_1_460' title='bbox 966 5495 970 5503; x_wconf 87' lang='lat'><em>·</em></span> <span class='ocrx_word' id='word_1_461' title='bbox 1747 5489 1750 5496; x_wconf 87' lang='grc'>·</span> 
     </span>
    </p>
   </div>
   <div class='ocr_carea' id='block_1_6' title="bbox 1730 5601 2053 5664">
    <p class='ocr_par' dir='ltr' id='par_1_7' title="bbox 1730 5583 2053 5664">
     <span class='ocr_line' id='line_1_51' title="bbox 1730 5601 2053 5664; baseline -0.006 -1"><span class='ocrx_word' id='word_1_462' title='bbox 1730 5601 1882 5664; x_wconf 66' lang='lat' dir='ltr'><strong>,re-1</strong></span> <span class='ocrx_word' id='word_1_463' title='bbox 2050 5641 2053 5648; x_wconf 81' lang='grc'>.</span> 
     </span>
    </p>
   </div>
   <div class='ocr_carea' id='block_1_7' title="bbox 0 0 2373 6356">
    <p class='ocr_par' dir='ltr' id='par_1_8' title="bbox 0 0 2373 6356">
     <span class='ocr_line' id='line_1_52' title="bbox 0 0 2373 6356; baseline 0 0"><span class='ocrx_word' id='word_1_464' title='bbox 0 0 2373 6356; x_wconf 95' lang='lat' dir='ltr'><strong> </strong></span> 
     </span>
    </p>
   </div>
  </div>
 </body>
</html>
