4722 6360
16 601 76 676 bilis
96 602 193 682 Nico·

16 711 53 782 lle
78 715 192 789 Zelas.
216 750 227 770 ·

16 821 53 890 tui
73 839 192 899 census

16 927 22 996 l
42 933 193 1016 superius

16 1053 50 1116 aa,
86 1055 190 1113 censu

16 1143 79 1210 a'tus
101 1163 192 1217 exso-

16 1267 34 1318 a
54 1247 192 1339 aliquale

16 1377 22 1426 a
52 1363 83 1425 et
114 1358 192 1430 lites

16 1483 29 1534 e
46 1463 193 1539 hmctho·

16 1589 33 1640 e
56 1572 192 1660 prelatis

16 1683 43 1748 nt
57 1683 191 1754 astricti.

16 1795 52 1854 tas
78 1785 192 1860 literas

16 1897 191 1983 ppensicne

16 1999 46 2069 lll
66 2007 192 2075 mensis

35 2107 191 2181 Presenti·

16 2235 53 2298 aa,
73 2215 191 2288 laccho

16 2323 70 2392 icto
100 2324 192 2396 iwan

16 2432 103 2502 aissa.

19 2627 188 2700 ammaum
211 2585 244 2691 J
331 2653 339 2664 ·

16 2733 35 2770 ra
48 2717 188 2790 paaoetaly.

16 3543 35 3606 o,
61 3523 185 3595 decano

16 3849 90 3920 pare,
113 3849 184 3900 eur·

16 3955 47 4020 u,
77 3940 184 4007 sciant

16 4047 183 4136 aspecturi.

26 4151 182 4224 lohannes

16 4281 27 4340 ι,
47 4261 184 4330 l'incen·
293 4272 296 4278 ’

16 4367 181 4449 maciaco.
236 4435 240 4440 .

16 4475 181 4544 Caeclmuo.

35 4577 180 4652 canonici

16 4691 182 4780 pitotaraer

16 4815 41 4866 aa
57 4809 180 4868 nostra·

16 4905 180 4975 isoncium.

16 5013 80 5102 icijs
101 5025 178 5078 cum

16 5121 177 5189 necatorem

16 5229 41 5296 sl
61 5227 178 5295 Pazala-

16 5327 174 5404 maciensi.

1698 363 1703 373 ⁸
1807 418 1930 512 ,ire

314 624 316 629 ’
400 629 499 708 hatra
529 621 649 690 nostro
685 611 825 702 dilecto,
860 613 1009 708 iuraque
1032 619 1068 688 et
1099 607 1256 688 dominia
1281 571 1448 706 ¹predicte
1477 615 1561 687 ville
1595 617 1822 705 Lupercalia,
1861 633 1930 705 que

400 725 625 836 possedimus,
650 726 833 796 tenuimus
858 727 895 795 el
917 722 1120 808 habuimus,
1153 725 1420 812 assignauimus
1445 729 1480 795 cl
1503 725 1767 814 resignauimus
1790 722 1929 816 prciato

399 838 533 920 aomina
556 831 658 904 Petro
683 831 727 902 dc
752 833 916 902 Goailiao
948 830 1083 902 decano
1116 831 1349 902 Poananiensi
1380 834 1561 924 perpetuis
1593 831 1813 923 temporibus
1847 849 1929 900 cum

399 942 556 1028 omnibus
587 938 813 1024 utilitatibus,
846 937 1034 1023 tractibus,
1075 938 1252 1036 censibus,
1287 942 1394 1028 agris,
1428 941 1549 1032 pratis
1586 937 1738 1030 allodijs,
1773 939 1930 1030 pascuis,

399 1051 536 1145 comple,
559 1047 672 1131 siluis,
697 1045 821 1133 horris,
845 1047 950 1138 gaiis,
975 1046 1191 1130 nemoribus,
1215 1046 1361 1132 rubetis,
1390 1048 1567 1136 virgultis,
1598 1045 1803 1138 melliiieijs,
1834 1046 1929 1118 lacu·

399 1171 470 1246 bus,
503 1156 651 1250 piscinis
683 1157 719 1224 et
747 1154 905 1237 fossatis,
940 1155 1132 1246 piscaturis
1156 1159 1193 1224 et
1215 1153 1341 1246 iluuijs
1366 1159 1402 1226 et
1425 1154 1647 1240 fluminibus,
1682 1156 1780 1239 riuis,
1815 1156 1928 1244 aquis,

399 1253 604 1348 molendinis
627 1265 663 1333 et
687 1281 858 1351 aqrramrm
885 1260 1096 1332 decursibus
1120 1265 1157 1332 et
1179 1262 1393 1351 generaliter
1416 1282 1499 1334 cum
1523 1263 1689 1334 amnibus
1718 1267 1754 1334 et
1776 1261 1929 1352 singulis

398 1371 618 1477 pertinencijs
642 1375 679 1440 ct
701 1368 980 1441 abuencionibus
1004 1370 1194 1452 rniucrsis,
1219 1368 1264 1440 ed
1289 1367 1422 1440 dictam
1446 1369 1681 1442 hereditatem
1711 1371 1930 1458 chcraaa'lrp
1981 1443 1984 1452 ,

397 1477 643 1580 spectantibus,
668 1475 777 1548 nichil
801 1477 888 1547 iuris
913 1481 949 1547 ot
972 1475 1120 1568 dominij
1147 1477 1184 1546 in
1208 1476 1332 1548 eadem
1357 1497 1420 1569 pro
1444 1476 1547 1549 nobis
1576 1481 1640 1549 aut
1662 1475 1929 1548 suecessoribus

398 1587 767 1668 oosansrcsoruaotes,
793 1582 1233 1668 tenendam,.habendam,
1257 1583 1494 1670 vendendam,
1518 1583 1759 1674 obligandam,
1780 1583 1929 1654 raterius
2061 1651 2062 1656 ,
2141 1615 2144 1620 ·

398 1690 692 1776 commutandam,
728 1689 964 1777 alienandam,
999 1689 1264 1783 possidendam,
1301 1691 1542 1764 rtiiruendam
1575 1697 1612 1764 et
1633 1695 1671 1764 in
1694 1711 1782 1762 usus
1815 1692 1929 1782 ipsius

355 1861 358 1870 .
399 1827 436 1882 ac
456 1818 704 1876 suceessorum
727 1799 804 1870 eius
828 1799 1069 1892 beneplacitos
1094 1798 1382 1884 ccnrrerteadam,
1407 1805 1512 1892 prout
1526 1800 1595 1872 sibi
1610 1806 1647 1872 et
1662 1797 1929 1871 successoribus

398 1915 467 1986 suis
501 1906 628 1980 melius
664 1912 700 1978 et
733 1905 856 1978 utilius
890 1905 1071 1978 videbitur·
1106 1905 1280 1998 expedire.
1328 1906 1402 1978 Nos
1434 1927 1519 1979 reru
1553 1907 1859 2000 permutacionem
1895 1909 1930 1976 et

399 2016 710 2094 commutacionem
733 2014 912 2107 predictas
935 2017 1044 2098 ratos,
1074 2019 1197 2104 gratas
1227 2021 1335 2104 atque
1365 2013 1492 2086 sirmas
1522 2015 1706 2099 habentes,
1737 2013 1929 2086 ratificaui·

399 2147 482 2210 mus,
514 2121 800 2213 gratificauimus
832 2125 867 2192 et
897 2119 1203 2204 confirmauimus,
1235 2121 1470 2207 ratificamus,
1500 2123 1760 2212 gratificamus,
1790 2125 1827 2192 et
1853 2139 1930 2214 pre·

398 2232 551 2308 sentibus
575 2229 843 2313 conihmamus
866 2231 1049 2322 perpetuis
1073 2228 1294 2321 temporibus
1310 2229 1387 2300 iore
1410 2230 1593 2302 valituras.
1640 2229 1775 2302 Harum
1799 2229 1930 2321 quibus

398 2347 553 2416 nastrum
574 2337 741 2429 sigillum.
758 2341 814 2408 est
837 2356 1048 2430 appensum,
1072 2338 1296 2429 presencium
1322 2339 1526 2410 testimonio
1555 2339 1750 2410 literarum.
1796 2337 1929 2408 Actum

399 2455 431 2524 ct
451 2447 573 2520 datum
596 2445 772 2518 Pozaanie
796 2443 886 2516 feria
908 2445 1019 2516 tercia
1037 2443 1138 2546 inira
1160 2448 1307 2517 aclauas
1330 2443 1428 2516 beati
1449 2445 1592 2517 Martini
1616 2445 1775 2538 episcopi
1797 2448 1834 2516 et
1849 2463 1930 2516 can-

399 2555 546 2637 iessanis,
581 2553 626 2626 ab
662 2572 755 2625 anno
789 2551 934 2624 Domini
968 2550 1158 2626 millesime
1188 2551 1540 2642 quadringentesimo
1573 2555 1736 2646 septimo,
1775 2551 1930 2644 capitulo

399 2661 547 2754 generali
570 2659 756 2734 celebrata.

550 2857 717 2916 maumas
733 2857 952 2932 maclovo,
969 2855 1171 2931 praesumo
1189 2821 1214 2914 o
1232 2855 1387 2914 marm
1405 2855 1535 2931 caprano
1549 2838 1723 2928 misano
1738 2855 1931 2931 massua,

399 2947 614 3111 &3ch
620 2945 769 3112 officials
787 2945 993 3021 podlugowstc,
1011 2947 1182 3016 mwiesacna
1204 2963 1243 3004 nc
1260 2945 1385 3004 sanurku
1403 2964 1420 3003 2
1437 2947 1580 3052 rdaowego
1598 2946 1608 3002 i
1627 2962 1763 3021 mamogo
1780 2944 1931 3018 iedmabiu,

554 3218 578 3289 ¹)
598 3217 684 3286 Talae,
708 3215 774 3274 miei
801 3215 960 3292 parotium
986 3235 1012 3272 w
1040 3233 1111 3291 pom.
1139 3215 1304 3275 mredzkim.
1333 3203 1525 3288 'hemaii'
1540 3213 1602 3274 arta
1626 3167 1751 3290 nigdzie¹
1765 3233 1790 3272 ar
1817 3216 1931 3292 pobliiu

404 3307 473 3364 aaa
488 3307 536 3364 ale
552 3305 671 3378 istniaja,
690 3305 842 3364 wldocaaie
860 3305 995 3380 :camah
1013 3323 1070 3378 ama
1088 3323 1190 3376 mare.
1226 3307 1307 3364 Wsie
1324 3307 1510 3376 misaam
1527 3307 1538 3362 i
1560 3306 1715 3379 Galeam
1732 3303 1835 3364 audac
1849 3324 1881 3378 sa
1893 3304 1931 3363 dc

248 3401 253 3410 “
334 3440 343 3458 .
400 3398 564 3456 wamia
600 3395 768 3468 Daieeioldw
786 3397 848 3470 lety
865 3413 891 3454 aa
904 3413 975 3472 pom.
994 3396 1127 3464 kolskim,
1155 3413 1215 3470 par.
1233 3396 1367 3467 Drrarcce,
1395 3397 1440 3454 ale
1458 3403 1517 3454 tam
1536 3415 1561 3454 u·
1578 3395 1693 3470 pablilu
1711 3396 1758 3454 nie
1776 3413 1824 3453 aaa
1845 3397 1932 3454 Gaiu-

401 3503 473 3559 oxya·
489 3485 537 3545 ui
558 3487 713 3560 leunpee
729 3487 788 3558 leia
806 3505 832 3544 w
849 3503 919 3562 porr.
938 3485 1096 3556 inlechim,
1112 3487 1158 3544 ale
1176 3503 1201 3544 ar
1219 3485 1268 3542 ich
1285 3485 1399 3560 poblilu
1412 3486 1459 3542 nie
1472 3503 1520 3542 ma
1533 3485 1730 3557 Deiecioiowc.
1765 3483 1932 3542 Widocznie

401 3575 478 3644 iacias
493 3595 509 3634 z
526 3575 594 3650 tyria
611 3576 810 3647 miciacomoiel
828 3577 960 3634 amicalia
976 3594 1034 3648 swa
1052 3593 1154 3646 nunc.

405 3989 472 4060 lt'l.
517 3993 614 4064 libi.
639 3991 697 4064 die
720 3996 774 4066 19.
798 3992 933 4064 mensis
956 3990 1179 4076 Novembris,
1203 3993 1240 4062 in
1262 3935 1507 4079 illicpoloraa'ce.

555 4189 773 4262 wladislaus
795 4189 838 4261 11.
859 4209 921 4260 rex
943 4187 1109 4260 Paioniae
1134 4190 1348 4260 monasterio
1371 4187 1549 4260 handensi
1573 4185 1733 4278 erigendi
1749 4189 1932 4262 civitatem

404 4289 437 4362 ln
456 4295 539 4368 villa
559 4299 751 4388 Zoparoaao
774 4297 838 4369 dat
859 4300 1084 4389 potestatem.
1419 4295 1421 4300 '

553 4494 594 4568 la
622 4497 766 4568 nomine
801 4493 946 4566 Domini
981 4515 1098 4567 amen.
1143 4493 1201 4566 Ad
1237 4499 1448 4586 perpetuam
1482 4495 1533 4566 rei
1563 4497 1783 4568 memoriam.
1831 4493 1932 4567 Tunc

406 4597 449 4667 rel
468 4602 608 4692 pubhee
630 4603 775 4676 utilitati
797 4601 888 4674 bene
912 4603 1120 4686 consulitur,
1143 4607 1230 4674 tunc
1253 4605 1356 4692 regni
1378 4601 1621 4692 gubernacula
1648 4608 1750 4692 grato
1774 4603 1931 4676 modero-

407 4703 492 4780 mlne
514 4710 760 4804 disponuntur,
784 4710 871 4782 dum
895 4713 988 4783 inter
1011 4715 1130 4782 cetera
1152 4709 1306 4802 desuper
1321 4729 1493 4782 coacema
1507 4711 1730 4802 principibus
1746 4714 1931 4802 regiminis

405 4807 528 4900 alsacia,
570 4821 779 4911 unicuique·
806 4821 969 4912 parcium
1009 4821 1109 4908 regni
1150 4817 1359 4890 ordinantur
1398 4823 1592 4908 augmenta
1631 4823 1668 4891 et
1705 4819 1931 4893 condiciones

405 4923 587 4998 mundam
611 4931 965 5000 conuertuuttu·iam
988 4927 1190 5016 ingemere,
1215 4947 1323 5018 qtram
1347 4929 1477 5018 specie,
1502 4931 1576 4998 tam
1592 4928 1631 4998 ln
1646 4928 1798 5020 publico,
1823 4947 1932 5020 quam

407 5027 545 5108 tama.
590 5033 740 5108 Pacinde
762 5055 830 5108 aas
853 5033 1073 5106 Wladislaus
1096 5035 1163 5106 Dei
1186 5037 1309 5125 gracia
1331 5053 1393 5105 rex
1417 5033 1569 5114 Palania,
1593 5055 1734 5109 necnon
1757 5041 1931 5108 terramm

407 5125 574 5226 Cracoule,
610 5131 842 5226 Sandanairie,
876 5141 1035 5232 sponte,
1071 5141 1245 5228 Lancicie,
1281 5141 1450 5233 Cupauie,
1485 5142 1745 5234 Lilhuanieque
1767 5147 1932 5237 princeps

406 5253 594 5336 ttiniremus,
617 5249 835 5335 Pomeranic,
859 5251 1057 5340 Russieque
1081 5250 1247 5322 dominus
1272 5255 1308 5321 et
1330 5250 1434 5321 heres
1454 5255 1519 5322 etc.
1545 5249 1795 5341 significamus
1811 5258 1932 5325 terrore
1978 5335 1985 5348 .

406 5357 620 5432 presencium
654 5357 819 5431 omnibus
850 5363 887 5430 el
909 5357 1072 5449 singulte,
1104 5363 1179 5430 tam
1212 5357 1449 5450 presentibus,
1480 5378 1589 5449 quam
1623 5359 1767 5444 laturis,
1802 5359 1932 5452 quibus
1966 5347 1968 5353 ’
2035 5345 2059 5364 ’

1608 5487 1865 5574 ,ιγ
