4722 6360
443 526 570 646 roc¹

442 751 552 825 scopo
575 731 812 806 Posnaniensl
835 727 1035 805 extrudunt.
1082 727 1219 806 Datum
1241 729 1279 806 ln
1304 729 1490 806 Wlsztc'tlca‘
1514 729 1557 806 in
1580 727 1736 808 crastino
1766 729 1850 810 testi
1880 740 1984 830 Mirr.

442 839 667 932 Magustana,
692 859 787 914 anno
809 840 957 914 Domini
981 841 1171 914 milleslmo
1195 841 1546 934 quadringentesimo
1569 845 1734 936 septimo.

492 1117 496 1126 Α
568 1129 573 1138 .
606 1037 687 1098 aas·
703 1009 924 1100 neumam·
939 1040 974 1100 ιο
992 1039 1030 1098 s.
1050 1007 1688 1115 11o‚2·umryua·r·pmrynoenme
1707 1039 1899 1118 pantenu

471 1297 474 1304 Ι
609 1221 632 1292 ¹)
652 1220 823 1292 Socim,
841 1221 945 1279 minato
962 1220 1126 1295 poenosa
1145 1239 1169 1277 w
1188 1219 1292 1291 wojau.
1311 1219 1544 1280 muowleckiam.

653 1311 751 1384 Rybnc
770 1311 831 1370 dall
850 1329 875 1368 rr
894 1309 1008 1386 poblltu
1029 1310 1208 1368 &dmm
1225 1311 1273 1368 nie
1291 1311 1411 1382 lubricis.
1579 1347 1587 1356 -

436 1475 438 1478 Ι
653 1401 767 1473 Μ,
791 1418 934 1496 aponus*
950 1399 1136 1474 przakreoone
1163 1401 1283 1458 nminat
1309 1399 1419 1468 uuis.
1446 1400 1513 1458 vict
1540 1418 1567 1464 rr,
1593 1401 1725 1476 povlecie
1753 1399 1987 1482 ιοώιουῃιιῃ,

304 1587 343 1644 ,ἢν
442 1505 502 1564 W·
526 1487 834 1651 minutiam,
853 1597 984 1656 apenos
998 1579 1185 1654 praebecone
1197 1581 1318 1638 nomint
1330 1581 1498 1650 chlmlcm
1517 1581 1583 1637 niet
1596 1598 1622 1639 rr
1635 1597 1705 1655 pov.
1720 1581 1730 1638 i
1745 1597 1804 1654 pes.
1824 1581 1985 1652 snm,

657 1671 822 1730 &armiro
839 1670 907 1728 niet
925 1688 951 1729 rr
969 1677 1063 1743 tymte
1081 1669 1213 1744 pcwlecie
1231 1671 1241 1727 i
1260 1670 1371 1745 porcili.
1496 1717 1498 1720 .
1874 1673 1878 1682 '

392 2153 396 2162 ¹
446 2070 523 2138 112.
572 2069 672 2138 1407.
697 2034 756 2176 ore
780 2071 834 2139 19.
860 2067 997 2138 mensa
1019 2067 1188 2156 nuptos,
1212 2065 1422 2138 posnaniae

610 2263 781 2338 Canonicl
823 2263 998 2337 ecclesiae
1039 2259 1256 2336 cathedralis
1298 2263 1551 2336 Poenunicnsis
1585 2264 1800 2355 promlttunt
1834 2283 1912 2336 sese
1947 2269 1988 2342 ab

445 2373 723 2465 occupatoribus
746 2373 922 2445 bonorum
946 2370 1095 2464 capituli
1117 2372 1274 2444 invicem
1297 2373 1417 2444 tutari.

311 2610 317 2616 -
609 2570 650 2643 In
673 2573 819 2644 nomine·
842 2568 990 2642 Domini
1014 2587 1130 2642 amen.
1177 2565 1269 2642 Cum
1292 2586 1363 2641 non
1386 2570 1424 2640 ln
1453 2567 1662 2654 seminibus
1693 2567 1757 2641 scd
1780 2569 1820 2640 ln
1841 2575 1990 2662 protnts·
2042 2541 2044 2544 ¹

381 2701 388 2779 ᾗ
446 2681 548 2750 stone
571 2677 671 2751 ildcli
695 2682 745 2750 sit
766 2697 921 2768 regnum
944 2676 1022 2761 Dei,
1047 2681 1084 2748 et
1106 2675 1168 2748 vbl
1190 2676 1259 2748 Del
1282 2678 1441 2769 spiritus,
1465 2676 1515 2748 ibi
1537 2675 1695 2764 ubcuas,
1724 2681 1761 2748 et
1783 2677 1873 2750 nulll
1893 2677 1989 2753 llberl

445 2791 543 2871 sunt,
568 2788 641 2874 nisi
664 2806 754 2876 quos
778 2785 947 2858 liberauit
969 2784 1068 2856 lilius
1092 2783 1170 2868 Del,
1195 2787 1353 2876 quinon
1376 2786 1477 2856 ranlt
1497 2783 1615 2874 legem
1631 2784 1781 2871 soluere,
1804 2783 1869 2858 sed
1885 2785 1990 2860 adlm-

445 2895 544 2986 plere
569 2949 577 2965 .
601 2945 610 2962 .
634 2936 643 2964 -.
670 2951 677 2964 .
704 2950 711 2965 .
737 2895 923 2979 eteesari,
947 2913 1018 2985 que
1041 2896 1128 2964 sunt
1150 2893 1285 2965 cesaris
1309 2897 1346 2966 et
1367 2892 1454 2977 Deo,
1485 2911 1567 2984 que.
1585 2897 1671 2964 sunt
1698 2892 1767 2965 Del
1790 2891 1876 2966 dare
1898 2913 1996 2988 man,
2132 2882 2138 2892 ’

447 2999 559 3086 dcuit
595 3003 730 3093 quique
764 3003 842 3073 iure
876 2999 1026 3092 dominii
1060 3000 1277 3072 vniuersalis
1311 2999 1381 3072 sibi
1416 2999 1573 3072 decimas
1609 3001 1770 3072 omnium
1798 3005 1991 3074 rescmault

447 3113 482 3180 at
506 3111 584 3181 suis
608 3111 795 3194 ministris,
820 3107 914 3180 clero
939 3107 1138 3201 deputault,
1170 3112 1358 3201 eapropter
1379 3127 1445 3180 nos
1469 3107 1595 3180 Petrus
1625 3105 1670 3180 de
1701 3108 1865 3180 Gobitioo
1894 3107 1990 3184 deoa-

446 3237 527 3302 nus,
561 3215 674 3289 Pelka
705 3221 839 3302 cantor,
869 3214 1040 3288 Nicolaus
1064 3214 1109 3288 (le
1133 3217 1303 3304 Gltlcpow
1337 3215 1613 3305 Polsnanicnsis,
1648 3267 1928 3289 .........
1949 3237 1990 3290 us

447 3324 683 3411 Smcmensis,
702 3324 857 3396 Michacl
872 3323 1106 3408 Pcaewensls,
1129 3323 1298 3395 Albricus
1321 3322 1633 3396 Warschoulcnsis
1648 3325 1686 3395 in
1702 3324 1854 3396 ecclesia
1868 3325 1992 3397 Poma·
2100 3412 2101 3415 Ν

446 3433 564 3504 niensi
589 3430 842 3516 archidiaconi,
866 3431 1037 3503 Nicolaus
1059 3430 1105 3504 de
1129 3434 1250 3503 corea
1274 3431 1517 3516 cancellarius,
1542 3431 1822 3519 reducemur,
1846 3432 1991 3506 bllcbael

444 3541 672 3625 scolasticus
697 3539 867 3612 Nicolaus
893 3539 1159 3612 Stmescbconis
1184 3539 1352 3612 officialis
1378 3539 1672 3628 Gneznenses(s)‚
1695 3539 1849 3612 blicbael
1870 3539 1991 3612 Bliden
2060 3547 2062 3552 ’

447 3647 674 3720 decretorum
693 3647 831 3732 doctor,
858 3647 998 3737 [Petrus
1023 3646 1215 3719 Wendeler
1239 3647 1409 3737 decanlus
1429 3647 1661 3732 Lubucensls,
1684 3647 1861 3720 Iohannes
1875 3667 1992 3740 prepo

447 3757 540 3827 situs
565 3758 684 3827 sanctl
707 3755 873 3848 Spiritus,
897 3755 1074 3828 lohannes
1097 3753 1144 3828 dc
1165 3757 1312 3843 Nepam,
1337 3755 1521 3827 Ianussius
1544 3753 1589 3826 de
1612 3755 1799 3841 solonae,
1824 3755 1992 3829 Iohannes

447 3861 649 3947 Budkonis‚
683 3855 815 3935 llelcao
850 3867 974 3935 custos
1005 3863 1259 3948 Lanciciensis,
1295 3861 1448 3934 blathias
1482 3861 1526 3934 de
1561 3865 1675 3946 Ketis,
1711 3863 1927 3936 Vinccncius
1951 3861 1992 3933 dc

448 3973 720 4055 Morcainlrowo,
748 3971 882 4044 Paulus
907 3969 951 4042 de
977 3967 1167 4055 Caecltoo'oo,
1192 3970 1362 4043 Albertus
1384 3973 1586 4062 prepositus
1603 3970 1884 4057 Gluschinensis,
1908 3969 1993 4042 Prol-

447 4078 586 4150 bislaus
611 4076 656 4149 de
679 4081 823 4165 Pneroa,
854 4079 1044 4150 Florianus
1068 4079 1112 4150 de
1144 4081 1343 4162 Pollctlrlci,
1374 4078 1646 4150 Bartholomeus
1670 4077 1865 4169 Rynkonls,
1896 4078 1992 4151 Miro

449 4187 548 4258 slaus
574 4185 618 4257 dc
643 4188 859 4271 Grcmbcaoo,
895 4187 1021 4260 Petrus
1054 4187 1214 4270 buslani,
1246 4186 1466 4270 lodowicus,
1500 4186 1654 4259 blathias
1683 4185 1798 4270 Bllda,
1830 4184 1993 4259 Nlcolaus

449 4292 664 4378 Lauthman,
689 4299 725 4366 et
747 4294 918 4368 Albcrtus
943 4293 988 4366 de
1011 4297 1229 4378 Staclacatoo,
1256 4295 1418 4366 canonici
1441 4293 1591 4366 ecclesie
1614 4293 1876 4380 Poznaniensis‚
1905 4293 1993 4386 copl-
2097 4373 2098 4376 Ἴ

449 4400 566 4473 tulum
597 4403 766 4490 generale
789 4407 826 4474 et
849 4403 1015 4495 speciale,
1051 4407 1259 4494 reputantes
1291 4404 1508 4474 coniunctim
1544 4405 1580 4473 et
1614 4401 1759 4474 diuisim
1789 4407 1825 4474 et
1851 4399 1994 4494 quilibet

449 4511 613 4580 nostrum
637 4510 868 4600 singulariter
891 4514 1088 4602 presentes,
1111 4513 1244 4582 nostris
1270 4531 1311 4582 ac
1335 4509 1544 4582 absencium
1560 4515 1597 4582 et
1612 4509 1814 4584 futurorum
1838 4510 1992 4582 omnium

448 4615 603 4688 fratrum
627 4617 845 4702 nominibus
871 4623 996 4689 eontra
1019 4638 1145 4690 omnes
1170 4623 1206 4690 et
1228 4618 1401 4708 singulos,
1434 4620 1496 4710 qui
1520 4617 1688 4702 decimas,
1720 4637 1860 4704 census,
1894 4615 1993 4710 partl-

449 4726 597 4795 nennius
622 4729 659 4795 et
682 4725 840 4814 quelibet
863 4727 941 4798 iura
966 4726 1116 4798 ecclesie
1139 4733 1260 4798 nostre
1284 4725 1442 4818 predicte
1473 4731 1508 4797 el
1541 4725 1586 4797 ed
1610 4745 1675 4798 nos
1699 4747 1764 4798 seu
1793 4726 1992 4816 dignitates.

450 4831 661 4924 prebendas,
687 4829 865 4904 bencli‘cin
889 4839 943 4904 etr
959 4833 1159 4906 elecciones
1176 4839 1213 4904 ct
1226 4835 1315 4904 alias
1332 4833 1596 4923 quomodolibet
1610 4835 1741 4906 intuitu
1758 4836 1872 4926 ipsius
1889 4830 1993 4906 cocle·

450 4941 503 5009 sie
526 4941 767 5011 communiter
789 4941 848 5012 uel
874 4939 1021 5012 diuisim
1046 4945 1251 5032 spectantes
1277 4947 1311 5010 ct
1336 4946 1542 5034 spectatura
1564 4941 1742 5025 invadere,
1773 4944 1993 5032 extinguere,

450 5066 637 5138 occupare,
675 5047 842 5133 alienare,
866 5067 1051 5140 rsurpmc,
1086 5047 1255 5134 detincre,
1281 5051 1466 5132 minorare,
1502 5050 1662 5141 peiorare
1685 5051 1742 5122 rel
1765 5071 1837 5122 non
1860 5049 1993 5121 soluere

449 5155 487 5224 ln
510 5159 613 5246 purte
636 5155 696 5224 uel
719 5157 757 5226 in
780 5160 865 5238 toto,
898 5161 962 5228 out
986 5175 1029 5226 ea
1052 5156 1109 5227 uel
1133 5161 1275 5228 nostrus
1307 5177 1371 5227 scu
1403 5159 1647 5229 ministrorum
1677 5156 1826 5230 ecclesio
1856 5171 1993 5249 presen-

451 5264 548 5332 cium
572 5267 608 5332 ot
633 5263 836 5335 lutmonrm
869 5283 1041 5356 personas
1077 5265 1312 5353 quoulsmodo
1346 5265 1502 5336 indebite
1537 5265 1594 5335 uel
1633 5267 1802 5338 iniuriose
1830 5261 1992 5337 osenderc

451 5377 631 5440 lemoreve
655 5373 882 5460 presumerit,
914 5391 1011 5442 nuuc
1034 5371 1092 5442 uel
1117 5375 1155 5442 in
1178 5379 1373 5463 postorum,
1407 5375 1648 5464 promittimus
1673 5379 1709 5446 ct
1730 5373 1897 5446 volumus
1922 5425 1929 5440 .
1954 5417 1992 5438 .-

451 5497 531 5548 cere
555 5477 696 5567 agendo
720 5481 797 5549 iure
822 5485 858 5549 ct
881 5478 1080 5551 resistendo
1105 5485 1140 5550 et
1164 5480 1330 5550 orrtnibus
1356 5479 1577 5551 defendendo
1602 5487 1638 5552 ct
1662 5481 1869 5553 oltemtrum
1895 5476 1992 5548 vicis·
