4668 6352
1696 362 1871 467 'tsi

357 631 435 706 cium
456 581 686 680 ratificamus,
708 591 967 684 gratificamus,
993 583 1231 685 approbamus
1250 597 1288 665 et
1303 594 1559 666 confirmamus
1576 591 1621 663 dc
1636 595 1759 663 nostra
1775 596 1872 662 certa

216 745 225 764 ·
309 751 313 758 ·
358 721 500 812 niensis
523 705 753 780 decernentes
777 721 820 774 en
843 699 950 773 robur
973 699 1133 772 oblinere
1155 691 1326 794 perpetue
1342 701 1535 773 firmitatis.
1583 701 1717 772 limum
1742 699 1872 790 quibus

357 832 492 928 ,igilium
515 818 674 888 nostrum
700 829 899 902 appensum
934 812 990 879 est
1021 809 1224 880 testimonio
1259 809 1454 880 literamm.
1501 809 1633 878 Acium
1673 813 1709 878 et
1747 807 1871 878 datum

356 951 477 1022 uneznc
499 927 535 996 in
558 917 713 1010 capitulo
736 916 904 1006 generali,
940 915 1007 988 sub
1033 935 1125 987 anno
1158 915 1366 988 Natiuitatis
1395 915 1538 988 Domini
1574 915 1763 986 millesimo
1787 934 1872 1006 qua·

357 1029 611 1132 pingentesimo
635 1023 773 1108 decimo
797 1025 960 1116 septimo,
991 1021 1082 1094 feria
1105 1023 1264 1095 secunde
1293 1023 1387 1095 inira
1411 1018 1558 1096 octauas
1582 1023 1871 1094 circumcisionis

358 1145 488 1236 iromioi.
534 1132 761 1207 Presentibus
791 1129 1054 1204 uenerabilibus
1085 1132 1122 1202 et
1150 1129 1417 1204 honorabilibus
1449 1133 1547 1216 uiris,
1578 1129 1749 1202 dominis:
1774 1127 1873 1201 wri-

357 1257 458 1338 ieucio
485 1245 627 1324 decano,
662 1239 834 1311 ilichaele
871 1238 1070 1322 scolastico,
1105 1236 1260 1309 Iohanne
1296 1243 1449 1324 cantore,
1482 1237 1628 1309 Nicolao
1653 1237 1872 1310 Strzesconis

356 1355 492 1444 custode,
515 1345 836 1438 Swanthopeikone
859 1345 1081 1430 cancellario,
1104 1344 1297 1417 Benedicio
1321 1345 1366 1417 de
1388 1347 1511 1417 Medio
1534 1345 1693 1430 oliiciali,
1716 1343 1872 1416 Iohanne

358 1472 435 1551 i'elia
455 1457 628 1554 preposito
652 1453 902 1537 Crusuioiensi
927 1449 1151 1541 Pmedwogio
1167 1453 1210 1522 de
1230 1455 1382 1538 Grandi,
1409 1458 1552 1524 cantore
1567 1451 1871 1535 Wladislauionsi,
1979 1443 1982 1452 ’

122 1535 181 1586 ¹⁵³⁹
272 1527 288 1642 l
358 1571 500 1658 ,tilioslao
533 1560 755 1633 decretorum
779 1559 931 1646 doctore,
964 1558 1110 1638 Nicoiao
1146 1557 1190 1630 de
1218 1561 1435 1644 Budzislow,
1467 1559 1576 1630 Paulo
1612 1558 1657 1630 de
1680 1558 1870 1642 Ozecirowo,

118 1645 163 1688 Μ
359 1672 542 1754 ti'incencio
570 1667 818 1740 archidiacono
842 1667 1084 1751 Wneouiensi,
1121 1665 1271 1739 liartino
1302 1674 1339 1738 et
1366 1667 1519 1740 ilenrico
1548 1665 1636 1758 Byel
1666 1667 1813 1760 prelatis
1837 1669 1874 1736 et

25 1733 173 1802 {tibicinae
454 1785 461 1802 ,
606 1779 613 1794 ,
716 1777 724 1794 .
1001 1777 1008 1792 Ι

352 1781 515 1866 ¹canonicis
537 1775 782 1869 capitulariter
805 1781 1041 1865 congregatis.

33 1833 134 1900 cornia
156 1863 183 1904 e.

25 2033 74 2104 ιι
94 2042 169 2134 ιιι.
357 1969 1175 2136 uacillfl'lil‘„militiiiiltliii
1193 1969 1513 2134 iiiimxiiii
1523 1969 1775 2133 iiiiii?
1789 1971 1872 2118 itt

25 2161 46 2223 e,
67 2165 102 2213 ea
124 2151 182 2216 lue
357 2159 438 2234 ..pe-i
455 2167 587 2224 mammo
603 2149 743 2220 iedsrsbiu
761 2149 895 2224 poscstst

25 2259 173 2322 sicconem

25 2354 102 2425 elczo
121 2367 178 2428 bo»

25 2463 54 2529 lu
82 2477 176 2553 putus

25 2563 87 2638 delli
110 2574 182 2640 Gito-

25 2675 79 2743 't'iio
101 2696 183 2746 iias
211 2673 216 2684 ⁸

25 2781 100 2850 eiius
122 2803 174 2872 pn
356 2785 417 2856 iti.
461 2783 556 2850 141⁷.
579 2775 638 2851 die
661 2781 693 2850 i.
717 2777 852 2850 mensis
874 2777 1039 2863 ianuarii,
1064 2775 1305 2851 Constantios.

25 2905 65 2954 ms
86 2909 118 2958 ιιι
140 2895 184 2957 ies
1470 2893 1474 2901 '

25 2996 84 3061 reis
104 3015 185 3078 gro·
289 2977 290 2980 ‘
495 2973 638 3048 Martini
660 2975 703 3046 V.
727 2974 764 3048 P.
788 2975 834 3048 M.
862 2974 960 3048 bulla
983 2973 1028 3048 de
1050 2973 1238 3048 interdicto
1257 2977 1308 3078 in
1330 2977 1476 3055 civitate
1500 2973 1700 3052 Gnesnensi
1722 2978 1762 3051 la
1785 2978 1874 3052 cesi·

25 3101 186 3168 iscium
357 3085 409 3155 ius
429 3082 640 3174 quibusdam
662 3101 734 3156 non
757 3081 988 3156 observando.

128 3223 186 3272 itti
1740 3259 1743 3266 -

25 3205 185 3381 affin.
374 3302 375 3305 ‘
494 3278 667 3354 Martinus
691 3281 881 3374 episeopus
910 3299 1038 3354 seruus
1071 3299 1257 3354 seruorum
1291 3281 1369 3354 liei.
1415 3277 1621 3354 Uenerebili
1642 3279 1747 3356 tratri
1768 3280 1872 3356 Nico·

25 3437 51 3488 m
72 3423 185 3484 asneis
332 3390 401 3459 .ico
420 3385 679 3484 archiepiscopo
703 3387 903 3462 Gnennensi
926 3393 963 3461 et
985 3387 1124 3462 dssectis
1147 3389 1235 3481 liliis
1260 3389 1353 3463 clero
1377 3409 1421 3463 ac
1443 3391 1693 3464 communitati
1717 3391 1874 3465 ciuitatis

25 3525 94 3594 iicet
116 3545 175 3608 qu,
357 3493 553 3569 boemensis
567 3497 722 3570 salutern
737 3500 775 3568 et
788 3497 1020 3590 apostolicam
1038 3495 1333 3570 benedictionem.
1379 3497 1531 3570 Romani
1550 3497 1733 3590 pontliicis
1756 3499 1874 3594 proui-

25 3629 46 3700 d
73 3631 188 3699 tesius
357 3599 464 3676 leucis
486 3605 744 3698 circumspecta
762 3623 994 3695 nonunquam
1018 3623 1251 3678 censurarum
1271 3605 1597 3680 ecelesiasticamm
1610 3607 1766 3696 rigorem
1782 3607 1874 3678 miti·
2034 3659 2035 3662 a

25 3741 63 3806 ij
85 3755 187 3826 pm„
357 3713 415 3796 mi
435 3715 537 3804 prout
558 3710 597 3784 id
616 3710 807 3785 salubriter
829 3709 995 3805 expedire
1015 3713 1208 3802 cognoscit.
1254 3711 1422 3785 Exhibita
1436 3712 1616 3804 siquidem
1631 3711 1734 3786 nobis
1757 3697 1873 3807 buper
1927 3767 1929 3772 ,
1992 3808 1999 3818 μ

25 3847 31 3914 i
61 3860 189 3912 necem
357 3831 407 3905 pro
426 3822 524 3911 parte
544 3824 667 3892 uestra
687 3819 820 3913 peticio
843 3819 1058 3906 continebat,
1083 3817 1178 3912 quod
1200 3839 1287 3913 sepe
1310 3821 1487 3912 contingit
1514 3817 1677 3893 diuersas
1700 3839 1871 3914 personas
2052 3889 2055 3896 ,
2085 3901 2087 3906 ,

25 3957 85 4018 mm
107 3965 187 4037 pm.
358 3929 417 3994 um
437 3925 707 4012 ecclesiasticas,
730 3945 840 4018 quarn
862 3925 1055 4014 seculares,
1083 3935 1278 4020 suspensas
1300 3924 1361 4000 uel
1383 3925 1592 4000 interdictas
1616 3948 1639 4002 a
1661 3926 1874 4002 oelebrando
2022 3995 2023 3998 ι

25 4077 69 4128 ‚m
101 4053 189 4122 nme·
358 4028 402 4100 uel
422 4031 592 4106 audiendo
616 4033 740 4106 diuina
761 4033 903 4130 publice
925 4037 964 4107 in
987 4033 1157 4108 ecclesias
1174 4036 1552 4108 excommunicationis
1567 4037 1753 4108 sentencie
1775 4038 1874 4107 inno·

25 4137 83 4176 '··
358 4131 452 4224 latas,
486 4140 532 4214 sd
555 4143 738 4214 ciuitatem
761 4141 1005 4216 Gneanensem
1040 4161 1103 4236 pro
1138 4144 1214 4216 suis
1246 4145 1356 4215 etiem
1388 4141 1585 4216 tractandis
1619 4145 1783 4236 negociis
1815 4144 1875 4217 uel

358 4241 423 4332 eliis
443 4267 484 4320 ex
507 4248 828 4336 causisaecedere‚
851 4254 1060 4342 pernoctare
1084 4254 1121 4322 et
1140 4249 1352 4342 quandoque
1367 4249 1508 4324 diucius
1524 4249 1689 4323 residere.
1737 4249 1874 4340 Quibus

357 4349 398 4419 aie
416 4351 451 4424 ln
472 4357 552 4450 ipsa
566 4359 712 4430 ciuitate
732 4356 966 4430 existentibus
989 4377 1054 4452 per
1076 4364 1148 4430 tres
1171 4358 1229 4431 uel
1252 4359 1373 4451 plures
1397 4358 1485 4444 dies,
1508 4361 1592 4450 post
1614 4377 1738 4430 earum
1761 4377 1875 4432 reces-
1929 4417 1934 4424 ,

333 4473 424 4529 eun
444 4461 488 4534 ab
511 4463 636 4538 eadem
662 4463 919 4554 interidictum]
944 4464 1093 4537 ecclesie
1116 4467 1154 4538 iu
1177 4469 1256 4558 ipsa
1286 4464 1330 4538 de
1360 4468 1509 4556 antiqua
1537 4464 1795 4540 consuetudine
1817 4467 1877 4539 uei

359 4569 548 4644 ructoriiete
570 4591 803 4666 processuum
827 4573 1100 4666 apostolicorum
1123 4573 1181 4645 uel
1212 4574 1363 4646 aliorum
1384 4572 1527 4667 publice
1550 4575 1738 4646 consueuit
1759 4573 1876 4646 obser·

497 2333 520 2406 ¹)
542 2329 677 2404 Oaaelq'no
695 2329 761 2386 sisi
780 2345 805 2388 ιι
823 2345 893 2405 porr.
911 2327 1075 2388 smedzkim

360 4673 431 4758 Μ,
456 4683 598 4773 propter
619 4699 772 4773 quorum
793 4679 1038 4773 frequenciam
1062 4685 1099 4752 et
1120 4677 1261 4774 publice
1284 4683 1478 4753 missarum
1503 4684 1540 4755 ec
1562 4681 1713 4756 allorum
1737 4679 1875 4754 diuino·

358 4787 422 4850 mn
453 4785 653 4864 ciliciorum
681 4787 934 4862 celebracionis
963 4789 1001 4862 in
1032 4789 1178 4860 ciuitate
1206 4785 1368 4882 predicte
1396 4786 1635 4862 cessetionem
1663 4789 1870 4862 diuturnam

360 4878 546 4986 iterumque
569 4897 703 4968 ciuium
733 4899 770 4967 et
798 4893 1040 4970 habitaturum
1068 4897 1225 4968 ciuitatis
1253 4896 1414 4991 predicte
1443 4894 1491 4970 ad
1519 4895 1726 4971 huiusmodi
1750 4895 1874 4970 diuina

359 4986 658 5076 teneramunda
680 5005 869 5096 tempescii
884 5001 1043 5088 deuocio,
1066 5003 1282 5095 diuinusquo
1298 5003 1416 5076 cultus
1439 5005 1478 5077 in
1492 5003 1641 5077 ciuitate
1660 5003 1876 5080 diminuitur

359 5101 528 5182 abacta
574 5109 690 5200 Quare
726 5130 790 5204 pro
823 5114 924 5204 parte
957 5117 1080 5183 uestra
1109 5111 1210 5184 nobis
1233 5111 1305 5184 init
1338 5112 1521 5185 humiliter
1544 5111 1798 5206 supplicatum,
1831 5117 1874 5185 ut

359 5211 526 5306 inuidere
546 5237 654 5312 super
675 5217 745 5291 hoc
768 5217 813 5290 de
836 5223 1008 5312 oportuno
1037 5217 1194 5292 remedio
1222 5217 1267 5290 de
1289 5219 1511 5312 benignitate
1535 5221 1731 5314 apostolica
1754 5219 1876 5312 digna·

359 5319 468 5392 amur.
512 5323 586 5400 Nos
608 5327 728 5418 Igitur,
751 5327 813 5418 qui
837 5325 1131 5403 cnrntiirdeiiun
1158 5325 1364 5402 deuocionis
1388 5327 1433 5400 ad
1456 5327 1573 5400 Deum
1598 5349 1640 5400 ac
1665 5327 1778 5401 diuini
1801 5329 1875 5403 cul·
