4714 6364
1655 341 1660 351 ’
1771 359 1838 442 aet

327 605 386 687 ald.
429 577 521 655 1414.
545 560 602 640 dic
626 570 680 638 26.
706 567 839 640 mensis
862 563 964 652 Iunii,
989 567 1026 639 in
1048 567 1218 640 szrooa..
1293 579 1298 590 ·

279 851 282 858 ,
463 766 656 848 Bliabarius
680 763 725 835 do
749 765 916 852 Odeclrdw
935 768 971 836 ct
993 764 1119 836 Petrus
1150 764 1194 836 da
1208 753 1356 836 'Nareae
1384 766 1545 838 darronici
1568 767 1839 851 l'asuunienses,

329 893 425 988 panni
437 885 479 958 de
493 879 642 964 Nepam
658 871 827 944 canonico
840 871 1072 944 Posnaniensi
1088 871 1223 945 LXXX
1237 893 1376 965 marcas
1387 873 1565 946 soluturos
1580 895 1660 946 sose
1670 873 1838 964 obligant.

464 1073 632 1154 Nouerint
666 1073 834 1154 vniucrsi
875 1070 921 1142 nd
954 1089 1106 1162 quorum
1138 1044 1308 1142 noticiam
1343 1091 1491 1164 presens
1523 1073 1699 1163 scriptum
1732 1071 1841 1143 luerit

288 1211 290 1217 “
330 1195 519 1284 eructatum,
554 1171 649 1272 quod
680 1198 746 1249 nos
777 1178 973 1250 Bliaborius
1004 1178 1108 1250 heres
1138 1181 1176 1249 in
1200 1180 1422 1252 Odon-chorae
1457 1185 1494 1251 et
1525 1177 1651 1250 Petrus
1676 1180 1840 1252 heresin

332 1318 476 1394 poppaea,
499 1307 635 1364 necnon
660 1288 822 1358 canonici
847 1287 996 1358 ecclesie
1020 1285 1283 1370 Poznaniensis,
1312 1307 1384 1358 non
1408 1287 1593 1378 compulsi,
1626 1307 1691 1358 nec
1716 1289 1829 1358 coacti

334 1417 381 1492 ed
401 1413 485 1482 tona
508 1401 542 1470 et
565 1386 706 1466 matura
734 1392 993 1466 deliberacione
1022 1394 1208 1466 nobiscum
1233 1393 1421 1486 prehabito
1448 1393 1620 1484 diligenti,
1653 1397 1842 1466 coniuncta
1962 1397 1963 1404 ’

333 1539 418 1600 mnu
458 1503 700 1580 iideiussimus
738 1506 774 1572 ct
815 1505 936 1573 tenore
985 1502 1210 1592 presencium
1250 1501 1491 1573 iideiubemus
1528 1502 1726 1574 honorabili
1765 1504 1841 1572 riro

333 1622 451 1708 thanai
482 1614 525 1685 de
556 1611 715 1698 Ncportb
751 1611 921 1680 canonico
954 1607 1197 1694 Poznanrensa
1231 1613 1440 1700 octuaginta
1470 1630 1609 1681 marcas
1642 1615 1783 1681 monete
1807 1613 1843 1680 et

333 1729 445 1814 numeri
467 1717 683 1800 Polonicalis,
708 1716 946 1807 quadraginta
969 1721 1048 1788 octo
1073 1736 1217 1807 grossos
1241 1719 1279 1787 in
1303 1717 1500 1808 quamlibet
1523 1733 1682 1788 marcam
1700 1737 1843 1808 compu-

333 1841 427 1921 undo,
456 1853 476 1903 a
502 1827 592 1898 lesio
615 1824 754 1896 Natalis
779 1822 885 1895 Oristi
914 1827 1074 1916 proxime
1097 1830 1259 1909 venturo,
1291 1823 1337 1896 ad
1361 1845 1473 1896 vnum
1497 1845 1632 1896 annum
1667 1824 1843 1896 inclusiue

334 1943 487 2026 rateriecto
509 1932 673 2005 videlicet
696 1933 733 2002 in
758 1932 850 2004 festo
873 1931 1011 2004 Natalis
1036 1931 1142 2004 Gristi
1174 1931 1260 2004 dare
1283 1939 1320 2004 et
1342 1933 1481 2004 soluere
1505 1935 1633 2023 queuis
1657 1935 1844 2004 occasione

335 2048 533 2150 proculmota,
564 2059 628 2134 pro
660 2042 890 2112 serenissimo
925 2042 1088 2133 principe
1120 2047 1157 2112 et
1191 2039 1346 2124 damino,
1383 2039 1526 2112 donnino
1551 2039 1748 2112 Wladislao
1779 2039 1845 2110 Dei

335 2161 431 2244 arcein
451 2169 532 2240 rege
553 2148 696 2220 Palania
720 2153 787 2218 etc.
835 2147 898 2220 Sin
923 2151 1055 2233 autem,
1079 2147 1175 2238 quod
1198 2149 1303 2232 absit,
1335 2147 1450 2219 dictas
1474 2150 1681 2238 octuaginta
1705 2167 1846 2219 marces

336 2265 446 2366 patulo
468 2259 607 2330 domino
630 2255 779 2327 iohanni
808 2253 852 2326 de
874 2257 1036 2342 Nepartb
1058 2255 1115 2326 rel
1147 2257 1204 2326 cui
1237 2257 1315 2348 ipse
1346 2254 1618 2328 demandauerit
1648 2258 1711 2328 aut
1740 2261 1848 2327 testa·

337 2370 508 2446 archialiter
535 2365 718 2452 legauerit,
752 2361 847 2434 inira
879 2365 1073 2434 terminum
1102 2362 1314 2455 predictum,
1346 2362 1514 2434 videlicet
1542 2363 1679 2435 festam
1708 2362 1847 2434 Natalis

336 2481 418 2552 r'ristl
438 2493 507 2546 non
529 2471 751 2556 soluerimus,
784 2475 914 2542 extunc
943 2470 1012 2542 sub
1035 2469 1110 2542 ilde
1140 2471 1339 2542 ethonore
1370 2474 1502 2543 nostris
1533 2471 1672 2564 prefato
1703 2470 1847 2542 domino

337 2585 457 2662 iohanni
478 2579 521 2652 de
548 2581 707 2668 Nepartb
736 2580 979 2671 promittimus
1011 2578 1055 2649 de
1084 2576 1344 2650 hereditatibus
1374 2581 1506 2650 nostris
1536 2581 1695 2670 paternis
1725 2597 1848 2670 supra-

84 2771 89 2778 ,
218 2780 225 2793 ι
337 2696 420 2766 lictis
441 2685 581 2762 easdem
614 2688 822 2776 octuaginta
857 2705 998 2758 mareas
1031 2685 1116 2758 dare
1154 2692 1191 2758 et
1224 2686 1374 2758 soluere.
1422 2687 1460 2760 Si
1484 2706 1578 2772 vero,
1612 2685 1708 2776 quod
1743 2686 1847 2770 absit,

339 2799 468 2895 predicta
490 2797 635 2867 minime
659 2793 985 2885 adimplererimus
1011 2798 1141 2865 extunc
1164 2793 1415 2886 quodcumque
1446 2793 1643 2897 dampnum
1666 2793 1848 2886 predictus

338 2909 475 2979 daminus
503 2901 676 2974 lohannes
708 2901 752 2972 de
780 2903 941 2989 Nepai-ra
964 2902 1024 2972 uel
1048 2903 1261 2992 cuicumque
1286 2901 1432 2974 easdem
1455 2900 1642 2974 donauerit
1673 2902 1732 2973 uel
1756 2901 1850 2991 lega·

339 3016 418 3096 erit,
439 3009 559 3082 exinde
582 3012 805 3102 perceperint
828 3015 890 3081 aut
913 3008 1073 3094 iecerint,
1099 3011 1176 3080 siue
1200 3011 1249 3081 sit
1271 3029 1456 3099 magnum,
1484 3013 1562 3080 siue
1585 3029 1734 3101 pamm,
1757 3011 1851 3080 inter

339 3118 438 3190 iudces
458 3118 515 3190 uel
538 3115 767 3201 Christianae,
792 3121 955 3188 nostrum
978 3120 1015 3187 et
1037 3137 1109 3188 nan
1132 3119 1247 3209 ipsius
1260 3116 1396 3216 domini
1411 3115 1578 3212 Iohannis
1602 3119 1679 3189 erit.
1725 3115 1851 3188 Eciam

339 3226 414 3296 rullo
442 3227 514 3297 iure
547 3223 724 3316 spirituali
758 3223 816 3295 vel
848 3225 1011 3310 seculari,
1046 3243 1140 3295 anno
1175 3225 1232 3296 vel
1270 3226 1375 3296 annis
1410 3223 1598 3316 aliquibus,
1632 3245 1699 3297 nec
1732 3224 1850 3314 aliquo

339 3333 431 3404 alicio
459 3335 553 3422 regio
583 3333 641 3404 uel
669 3331 897 3425 expedicione
929 3337 993 3404 aut
1024 3332 1343 3404 constitucionibus
1378 3332 1605 3404 terrestribus
1636 3339 1673 3404 ct
1703 3335 1850 3424 penitus

339 3439 476 3534 mnibus
504 3440 749 3512 occasionibus
780 3439 936 3532 demptis
966 3441 1220 3533 promittimus
1241 3439 1393 3511 euadere
1428 3439 1629 3532 predictum
1664 3439 1851 3512 dominum

340 3529 513 3633 abulen,
535 3547 594 3620 uel
617 3550 674 3620 cui
699 3547 844 3619 easdem
867 3547 1051 3638 legauerit
1077 3547 1142 3618 sed
1164 3567 1273 3640 super
1296 3548 1499 3640 simplicem
1522 3549 1763 3620 assercionem
1786 3567 1852 3619 seu
1906 3623 1909 3628 ,

341 3651 523 3726 maionem
545 3655 694 3749 predicti
718 3655 854 3727 domini
875 3653 1043 3727 Iohannis
1062 3655 1121 3727 rel
1144 3674 1214 3744 quo
1240 3709 1690 3730 ..............
1716 3653 1851 3746 absque
1960 3719 1964 3726 .

341 3761 417 3830 mol
436 3762 628 3834 iuramento
652 3762 809 3856 dampna
831 3761 993 3855 predicta
1016 3761 1155 3834 soluere
1178 3763 1389 3862 tenebimur.
1436 3762 1586 3855 Insuper
1603 3761 1850 3834 submittimus

342 3879 390 3932 aa
409 3869 515 3940 eciam
536 3873 637 3962 penis
662 3890 705 3942 ac
728 3871 889 3942 censuris
913 3869 1167 3942 ecclesiasticis
1191 3873 1350 3964 episcopi
1373 3875 1438 3943 aut
1459 3873 1517 3942 sui
1540 3873 1664 3962 vicarij
1690 3872 1729 3943 in
1751 3873 1852 3962 spiri·

343 3971 471 4046 'arllbus
508 3978 682 4068 generalis
727 3978 877 4050 ecclesie
915 3977 1180 4063 Poznaniensis,
1222 3981 1255 4050 si
1292 3975 1454 4071 predicta
1491 3997 1564 4050 non
1606 3980 1852 4052 curarerinrus

343 4075 517 4172 stimplerc.
551 4085 592 4157 ln
607 4087 708 4158 cuius
724 4087 776 4158 rei
788 4086 1034 4158 testimonium
1050 4086 1169 4175 sigillo
1191 4091 1314 4158 nostra
1329 4085 1556 4179 presentibus
1575 4089 1661 4158 sunt
1680 4105 1849 4179 appensa.

345 4183 450 4258 irtam
471 4195 506 4262 et
528 4191 652 4266 datum
674 4197 712 4264 in
734 4195 881 4278 Srzoda,
906 4193 997 4267 ieria
1020 4196 1133 4265 tercia
1154 4197 1315 4286 proxima
1338 4197 1420 4286 post
1442 4193 1577 4266 festum
1593 4196 1710 4265 sancti
1731 4193 1855 4266 lohan-

333 4289 386 4372 ,ὼ
405 4289 558 4388 baptiste,
582 4319 674 4374 anno
698 4301 843 4373 Domini
867 4301 1056 4374 millesimo
1081 4301 1433 4401 quadringentesimo
1449 4293 1725 4392 quamdecimo.
1774 4301 1852 4374 Pre-

346 4398 478 4474 rroribus
499 4403 762 4481 honorabilibus
785 4411 884 4494 viris,
916 4408 1087 4482 dominis:
1117 4408 1263 4481 Nicolao
1287 4408 1332 4480 de
1356 4411 1472 4482 Gerra
1503 4409 1715 4481 cancellario
1745 4409 1855 4482 Pellra
1936 4472 1938 4476 ,

344 4511 471 4596 natare,
494 4515 647 4604 prelatis,
677 4516 800 4602 Barth,
825 4517 982 4589 Thomco
1005 4517 1175 4589 Rinconis
1198 4516 1501 4590 Poznaniensibus
1532 4521 1569 4588 et
1599 4517 1745 4590 Nicolao
1770 4517 1873 4591 Gas-⁴
1907 4593 1912 4602 ,

343 4607 466 4706 “lisky
487 4627 601 4695 sancti
616 4624 757 4717 Georgij
767 4627 814 4697 -in
830 4631 946 4697 castro
964 4624 1164 4698 Gneanensi
1186 4627 1367 4698 canonicis
1386 4625 1539 4697 testibus
1556 4627 1652 4697 circa
1669 4628 1856 4718 premissa.

476 4813 640 4880 Dokunrern
657 4822 877 4896 pergaminowy,
895 4839 920 4878 w
933 4819 1033 4886 dudalr
1047 4821 1197 4893 micineaeh
1210 4822 1293 4879 silnia
1307 4823 1500 4898 papiensium,
1519 4822 1719 4898 praechownny
1732 4825 1858 4882 nurchi·

346 4897 402 4948 Ἰ·
418 4893 542 4982 bpitnly
558 4909 732 4983 hredralnei
752 4909 944 4986 pozrrnr'rehiej,
969 4919 1124 4986 opatraony
1142 4911 1190 4985 byl
1210 4912 1372 4986 picrrrotnta
1389 4913 1510 4970 darana
1527 4913 1716 4987 plectaciuui,
1741 4931 1779 4989 po
1797 4915 1858 4971 ktd·

345 4977 400 5042 θ’.
415 4989 488 5060 ‘into
505 4999 584 5071 puri
602 5003 808 5077 purguninowa
826 5001 982 5076 posostnly.
