<?xml version="1.0" encoding="UTF-8"?>
<!DOCTYPE html PUBLIC "-//W3C//DTD XHTML 1.0 Transitional//EN"
    "http://www.w3.org/TR/xhtml1/DTD/xhtml1-transitional.dtd">
<html xmlns="http://www.w3.org/1999/xhtml" xml:lang="en" lang="en">
 <head>
  <title>
</title>
<meta http-equiv="Content-Type" content="text/html;charset=utf-8" />
  <meta name='ocr-system' content='tesseract 3.04.00' />
  <meta name='ocr-capabilities' content='ocr_page ocr_carea ocr_par ocr_line ocrx_word'/>
</head>
<body>
  <div class='ocr_page' id='page_1' title='image "./codexdiplomatic06zakrgoog_0458.png"; bbox 0 0 4720 6360; ppageno 0'>
   <div class='ocr_carea' id='block_1_1' title="bbox 1849 555 1955 636">
    <p class='ocr_par' dir='ltr' id='par_1_1' title="bbox 1849 555 1955 636">
     <span class='ocr_line' id='line_1_1' title="bbox 1849 555 1955 636; baseline 0.085 -9"><span class='ocrx_word' id='word_1_1' title='bbox 1849 555 1916 628; x_wconf 84' lang='lat' dir='ltr'><strong>lbb</strong></span> <span class='ocrx_word' id='word_1_2' title='bbox 1952 633 1955 636; x_wconf 84' lang='lat'>.</span> 
     </span>
    </p>
   </div>
   <div class='ocr_carea' id='block_1_2' title="bbox 71 705 1917 850">
    <p class='ocr_par' dir='ltr' id='par_1_2' title="bbox 71 705 1917 850">
     <span class='ocr_line' id='line_1_2' title="bbox 71 705 1917 850; baseline -0.002 -25"><span class='ocrx_word' id='word_1_3' title='bbox 71 723 80 742; x_wconf 59' lang='lat'><em>⁰</em></span> <span class='ocrx_word' id='word_1_4' title='bbox 231 786 241 806; x_wconf 93' lang='lat'><strong>·</strong></span> <span class='ocrx_word' id='word_1_5' title='bbox 326 795 330 800; x_wconf 96' lang='lat'>-</span> <span class='ocrx_word' id='word_1_6' title='bbox 390 771 439 850; x_wconf 72' lang='lat' dir='ltr'><strong>plo</strong></span> <span class='ocrx_word' id='word_1_7' title='bbox 470 753 583 829; x_wconf 86' lang='lat' dir='ltr'><strong>eciam</strong></span> <span class='ocrx_word' id='word_1_8' title='bbox 621 705 783 840; x_wconf 83' lang='lat' dir='ltr'><strong>apposito</strong></span> <span class='ocrx_word' id='word_1_9' title='bbox 823 747 1025 839; x_wconf 77' lang='lat' dir='ltr'><strong>specialiter</strong></span> <span class='ocrx_word' id='word_1_10' title='bbox 1057 752 1093 819; x_wconf 88' lang='lat' dir='ltr'><strong>et</strong></span> <span class='ocrx_word' id='word_1_11' title='bbox 1109 786 1113 794; x_wconf 90' lang='lat'><em>-</em></span> <span class='ocrx_word' id='word_1_12' title='bbox 1129 747 1277 831; x_wconf 85' lang='lat' dir='ltr'><strong>adiecto,</strong></span> <span class='ocrx_word' id='word_1_13' title='bbox 1295 743 1304 777; x_wconf 87' lang='lat'><strong>&#39;·</strong></span> <span class='ocrx_word' id='word_1_14' title='bbox 1317 747 1413 840; x_wconf 90' lang='lat' dir='ltr'><strong>quod</strong></span> <span class='ocrx_word' id='word_1_15' title='bbox 1451 749 1668 840; x_wconf 81' lang='lat' dir='ltr'><strong>quicumque</strong></span> <span class='ocrx_word' id='word_1_16' title='bbox 1699 751 1737 824; x_wconf 91' lang='lat' dir='ltr'><strong>iu</strong></span> <span class='ocrx_word' id='word_1_17' title='bbox 1771 751 1917 822; x_wconf 84' lang='lat' dir='ltr'><strong>ciuitate</strong></span> 
     </span>
    </p>
   </div>
   <div class='ocr_carea' id='block_1_3' title="bbox 366 851 1996 2344">
    <p class='ocr_par' dir='ltr' id='par_1_3' title="bbox 366 851 1996 2344">
     <span class='ocr_line' id='line_1_3' title="bbox 389 851 1916 954; baseline -0.005 -19"><span class='ocrx_word' id='word_1_18' title='bbox 389 875 628 954; x_wconf 56' lang='lat' dir='ltr'><strong>cuiuscumque</strong></span> <span class='ocrx_word' id='word_1_19' title='bbox 651 859 768 928; x_wconf 84' lang='lat' dir='ltr'><strong>status</strong></span> <span class='ocrx_word' id='word_1_20' title='bbox 791 855 848 927; x_wconf 87' lang='lat' dir='ltr'><strong>vel</strong></span> <span class='ocrx_word' id='word_1_21' title='bbox 873 851 1091 928; x_wconf 90' lang='lat' dir='ltr'><strong>condicionis</strong></span> <span class='ocrx_word' id='word_1_22' title='bbox 1120 857 1284 940; x_wconf 88' lang='lat' dir='ltr'><strong>extiterit,</strong></span> <span class='ocrx_word' id='word_1_23' title='bbox 1317 860 1507 930; x_wconf 82' lang='lat' dir='ltr'><strong>extraxerit</strong></span> <span class='ocrx_word' id='word_1_24' title='bbox 1529 857 1691 947; x_wconf 80' lang='lat' dir='ltr'><strong>gladium</strong></span> <span class='ocrx_word' id='word_1_25' title='bbox 1714 857 1772 928; x_wconf 91' lang='lat' dir='ltr'><strong>vel</strong></span> <span class='ocrx_word' id='word_1_26' title='bbox 1795 857 1916 932; x_wconf 86' lang='lat' dir='ltr'><strong>cultel-</strong></span> 
     </span>
     <span class='ocr_line' id='line_1_4' title="bbox 390 962 1916 1062; baseline -0.016 -1"><span class='ocrx_word' id='word_1_27' title='bbox 390 991 450 1062; x_wconf 85' lang='lat' dir='ltr'><strong>ion</strong></span> <span class='ocrx_word' id='word_1_28' title='bbox 481 983 592 1042; x_wconf 84' lang='lat' dir='ltr'><strong>causa</strong></span> <span class='ocrx_word' id='word_1_29' title='bbox 614 966 651 1035; x_wconf 89' lang='lat' dir='ltr'><strong>et</strong></span> <span class='ocrx_word' id='word_1_30' title='bbox 673 964 875 1036; x_wconf 72' lang='lat' dir='ltr'><strong>intencione</strong></span> <span class='ocrx_word' id='word_1_31' title='bbox 909 962 1094 1036; x_wconf 88' lang='lat' dir='ltr'><strong>occidendi</strong></span> <span class='ocrx_word' id='word_1_32' title='bbox 1117 964 1174 1036; x_wconf 84' lang='lat' dir='ltr'><strong>vel</strong></span> <span class='ocrx_word' id='word_1_33' title='bbox 1209 965 1323 1036; x_wconf 88' lang='lat' dir='ltr'><strong>eciam</strong></span> <span class='ocrx_word' id='word_1_34' title='bbox 1348 965 1570 1049; x_wconf 84' lang='lat' dir='ltr'><strong>vulnerandi,</strong></span> <span class='ocrx_word' id='word_1_35' title='bbox 1605 984 1669 1058; x_wconf 91' lang='lat' dir='ltr'><strong>pro</strong></span> <span class='ocrx_word' id='word_1_36' title='bbox 1693 968 1916 1037; x_wconf 87' lang='lat' dir='ltr'><strong>extraocione</strong></span> 
     </span>
     <span class='ocr_line' id='line_1_5' title="bbox 388 1069 1917 1184; baseline -0.001 -39"><span class='ocrx_word' id='word_1_37' title='bbox 388 1081 482 1184; x_wconf 61' lang='lat' dir='ltr'><strong>gladii</strong></span> <span class='ocrx_word' id='word_1_38' title='bbox 518 1073 673 1154; x_wconf 82' lang='lat' dir='ltr'><strong>nomine</strong></span> <span class='ocrx_word' id='word_1_39' title='bbox 693 1091 784 1162; x_wconf 94' lang='lat' dir='ltr'><strong>pene</strong></span> <span class='ocrx_word' id='word_1_40' title='bbox 818 1073 857 1142; x_wconf 88' lang='lat' dir='ltr'><strong>in</strong></span> <span class='ocrx_word' id='word_1_41' title='bbox 894 1069 1050 1142; x_wconf 83' lang='lat' dir='ltr'><strong>mediam</strong></span> <span class='ocrx_word' id='word_1_42' title='bbox 1084 1074 1252 1156; x_wconf 85' lang='lat' dir='ltr'><strong>marcam,</strong></span> <span class='ocrx_word' id='word_1_43' title='bbox 1284 1071 1329 1142; x_wconf 84' lang='lat' dir='ltr'><strong>de</strong></span> <span class='ocrx_word' id='word_1_44' title='bbox 1365 1073 1498 1145; x_wconf 87' lang='lat' dir='ltr'><strong>cultelli</strong></span> <span class='ocrx_word' id='word_1_45' title='bbox 1525 1092 1608 1145; x_wconf 88' lang='lat' dir='ltr'><strong>vero</strong></span> <span class='ocrx_word' id='word_1_46' title='bbox 1633 1075 1855 1146; x_wconf 89' lang='lat' dir='ltr'><strong>extraccione</strong></span> <span class='ocrx_word' id='word_1_47' title='bbox 1878 1075 1917 1144; x_wconf 91' lang='lat' dir='ltr'><strong>in</strong></span> 
     </span>
     <span class='ocr_line' id='line_1_6' title="bbox 389 1177 1918 1270; baseline -0.001 -17"><span class='ocrx_word' id='word_1_48' title='bbox 389 1205 484 1269; x_wconf 63' lang='lat' dir='ltr'><strong>„num</strong></span> <span class='ocrx_word' id='word_1_49' title='bbox 507 1181 681 1254; x_wconf 90' lang='lat' dir='ltr'><strong>iertonem</strong></span> <span class='ocrx_word' id='word_1_50' title='bbox 705 1177 751 1250; x_wconf 88' lang='lat' dir='ltr'><strong>ad</strong></span> <span class='ocrx_word' id='word_1_51' title='bbox 773 1181 968 1270; x_wconf 89' lang='lat' dir='ltr'><strong>pretorium</strong></span> <span class='ocrx_word' id='word_1_52' title='bbox 1000 1198 1064 1270; x_wconf 93' lang='lat' dir='ltr'><strong>pro</strong></span> <span class='ocrx_word' id='word_1_53' title='bbox 1098 1181 1300 1250; x_wconf 88' lang='lat' dir='ltr'><strong>municione</strong></span> <span class='ocrx_word' id='word_1_54' title='bbox 1324 1185 1361 1251; x_wconf 89' lang='lat' dir='ltr'><strong>et</strong></span> <span class='ocrx_word' id='word_1_55' title='bbox 1383 1185 1564 1252; x_wconf 87' lang='lat' dir='ltr'><strong>structure</strong></span> <span class='ocrx_word' id='word_1_56' title='bbox 1594 1182 1752 1253; x_wconf 86' lang='lat' dir='ltr'><strong>ciuitatis</strong></span> <span class='ocrx_word' id='word_1_57' title='bbox 1783 1179 1918 1252; x_wconf 88' lang='lat' dir='ltr'><strong>incidat</strong></span> 
     </span>
     <span class='ocr_line' id='line_1_7' title="bbox 389 1285 1917 1378; baseline -0.007 -9"><span class='ocrx_word' id='word_1_58' title='bbox 389 1309 418 1378; x_wconf 66' lang='lat' dir='ltr'><strong>et</strong></span> <span class='ocrx_word' id='word_1_59' title='bbox 436 1291 589 1369; x_wconf 84' lang='lat' dir='ltr'><strong>incurrat</strong></span> <span class='ocrx_word' id='word_1_60' title='bbox 611 1288 688 1378; x_wconf 89' lang='lat' dir='ltr'><strong>ipso</strong></span> <span class='ocrx_word' id='word_1_61' title='bbox 720 1285 833 1370; x_wconf 88' lang='lat' dir='ltr'><strong>iacto;</strong></span> <span class='ocrx_word' id='word_1_62' title='bbox 867 1288 928 1378; x_wconf 89' lang='lat' dir='ltr'><strong>qui</strong></span> <span class='ocrx_word' id='word_1_63' title='bbox 951 1305 1035 1358; x_wconf 83' lang='lat' dir='ltr'><strong>vero</strong></span> <span class='ocrx_word' id='word_1_64' title='bbox 1060 1307 1142 1359; x_wconf 92' lang='lat' dir='ltr'><strong>cum</strong></span> <span class='ocrx_word' id='word_1_65' title='bbox 1167 1291 1323 1358; x_wconf 84' lang='lat' dir='ltr'><strong>extracto</strong></span> <span class='ocrx_word' id='word_1_66' title='bbox 1348 1291 1384 1360; x_wconf 89' lang='lat' dir='ltr'><strong>et</strong></span> <span class='ocrx_word' id='word_1_67' title='bbox 1407 1287 1502 1360; x_wconf 93' lang='lat' dir='ltr'><strong>nudo</strong></span> <span class='ocrx_word' id='word_1_68' title='bbox 1528 1287 1669 1361; x_wconf 90' lang='lat' dir='ltr'><strong>cultello</strong></span> <span class='ocrx_word' id='word_1_69' title='bbox 1695 1309 1786 1360; x_wconf 86' lang='lat' dir='ltr'><strong>ausu</strong></span> <span class='ocrx_word' id='word_1_70' title='bbox 1809 1293 1917 1360; x_wconf 90' lang='lat' dir='ltr'><strong>teme·</strong></span> 
     </span>
     <span class='ocr_line' id='line_1_8' title="bbox 389 1394 1918 1489; baseline -0.005 -15"><span class='ocrx_word' id='word_1_71' title='bbox 389 1407 467 1486; x_wconf 67' lang='lat' dir='ltr'><strong>ferio</strong></span> <span class='ocrx_word' id='word_1_72' title='bbox 503 1399 541 1470; x_wconf 93' lang='lat' dir='ltr'><strong>in</strong></span> <span class='ocrx_word' id='word_1_73' title='bbox 582 1394 737 1484; x_wconf 89' lang='lat' dir='ltr'><strong>aliquem</strong></span> <span class='ocrx_word' id='word_1_74' title='bbox 771 1396 968 1485; x_wconf 80' lang='lat' dir='ltr'><strong>proiecerit,</strong></span> <span class='ocrx_word' id='word_1_75' title='bbox 1007 1394 1197 1486; x_wconf 85' lang='lat' dir='ltr'><strong>proiiciens</strong></span> <span class='ocrx_word' id='word_1_76' title='bbox 1220 1415 1330 1468; x_wconf 85' lang='lat' dir='ltr'><strong>vnum</strong></span> <span class='ocrx_word' id='word_1_77' title='bbox 1367 1415 1525 1467; x_wconf 88' lang='lat' dir='ltr'><strong>marcam</strong></span> <span class='ocrx_word' id='word_1_78' title='bbox 1557 1415 1620 1489; x_wconf 91' lang='lat' dir='ltr'><strong>pro</strong></span> <span class='ocrx_word' id='word_1_79' title='bbox 1656 1417 1751 1487; x_wconf 91' lang='lat' dir='ltr'><strong>pena</strong></span> <span class='ocrx_word' id='word_1_80' title='bbox 1779 1396 1918 1467; x_wconf 91' lang='lat' dir='ltr'><strong>soluere</strong></span> 
     </span>
     <span class='ocr_line' id='line_1_9' title="bbox 388 1497 1996 1594; baseline -0.01 -4"><span class='ocrx_word' id='word_1_81' title='bbox 388 1509 545 1590; x_wconf 78' lang='lat' dir='ltr'><strong>uocatur,</strong></span> <span class='ocrx_word' id='word_1_82' title='bbox 576 1500 622 1574; x_wconf 89' lang='lat' dir='ltr'><strong>ad</strong></span> <span class='ocrx_word' id='word_1_83' title='bbox 652 1503 811 1574; x_wconf 90' lang='lat' dir='ltr'><strong>castrum</strong></span> <span class='ocrx_word' id='word_1_84' title='bbox 833 1499 999 1572; x_wconf 82' lang='lat' dir='ltr'><strong>videlicet</strong></span> <span class='ocrx_word' id='word_1_85' title='bbox 1029 1505 1108 1572; x_wconf 92' lang='lat' dir='ltr'><strong>octo</strong></span> <span class='ocrx_word' id='word_1_86' title='bbox 1133 1503 1261 1586; x_wconf 89' lang='lat' dir='ltr'><strong>scotos,</strong></span> <span class='ocrx_word' id='word_1_87' title='bbox 1293 1501 1467 1575; x_wconf 91' lang='lat' dir='ltr'><strong>aduocato</strong></span> <span class='ocrx_word' id='word_1_88' title='bbox 1491 1507 1570 1574; x_wconf 93' lang='lat' dir='ltr'><strong>octo</strong></span> <span class='ocrx_word' id='word_1_89' title='bbox 1594 1507 1630 1588; x_wconf 85' lang='lat' dir='ltr'><strong>et</strong></span> <span class='ocrx_word' id='word_1_90' title='bbox 1654 1502 1699 1573; x_wconf 91' lang='lat' dir='ltr'><strong>ad</strong></span> <span class='ocrx_word' id='word_1_91' title='bbox 1723 1505 1920 1594; x_wconf 90' lang='lat' dir='ltr'><strong>pretorium</strong></span> <span class='ocrx_word' id='word_1_92' title='bbox 1993 1497 1996 1508; x_wconf 93' lang='grc'><strong><em>’</em></strong></span> 
     </span>
     <span class='ocr_line' id='line_1_10' title="bbox 387 1608 1919 1698; baseline 0 -16"><span class='ocrx_word' id='word_1_93' title='bbox 387 1625 455 1698; x_wconf 65' lang='lat' dir='ltr'><strong>pcto</strong></span> <span class='ocrx_word' id='word_1_94' title='bbox 491 1610 576 1682; x_wconf 88' lang='lat' dir='ltr'><strong>dare</strong></span> <span class='ocrx_word' id='word_1_95' title='bbox 612 1609 661 1680; x_wconf 91' lang='lat' dir='ltr'><strong>sit</strong></span> <span class='ocrx_word' id='word_1_96' title='bbox 698 1608 901 1680; x_wconf 89' lang='lat' dir='ltr'><strong>adstrictus.</strong></span> <span class='ocrx_word' id='word_1_97' title='bbox 950 1609 1084 1688; x_wconf 86' lang='lat' dir='ltr'><strong>Harum</strong></span> <span class='ocrx_word' id='word_1_98' title='bbox 1120 1608 1249 1698; x_wconf 91' lang='lat' dir='ltr'><strong>quibus</strong></span> <span class='ocrx_word' id='word_1_99' title='bbox 1282 1609 1442 1698; x_wconf 87' lang='lat' dir='ltr'><strong>sigillum</strong></span> <span class='ocrx_word' id='word_1_100' title='bbox 1476 1614 1596 1682; x_wconf 91' lang='lat' dir='ltr'><strong>nostre</strong></span> <span class='ocrx_word' id='word_1_101' title='bbox 1630 1612 1829 1682; x_wconf 87' lang='lat' dir='ltr'><strong>maiestatis</strong></span> <span class='ocrx_word' id='word_1_102' title='bbox 1863 1613 1919 1682; x_wconf 88' lang='lat' dir='ltr'><strong>est</strong></span> 
     </span>
     <span class='ocr_line' id='line_1_11' title="bbox 388 1715 1917 1821; baseline -0.001 -29"><span class='ocrx_word' id='word_1_103' title='bbox 388 1736 572 1821; x_wconf 63' lang='lat' dir='ltr'><strong>appensum</strong></span> <span class='ocrx_word' id='word_1_104' title='bbox 596 1717 800 1788; x_wconf 86' lang='lat' dir='ltr'><strong>testimonio</strong></span> <span class='ocrx_word' id='word_1_105' title='bbox 823 1715 1016 1788; x_wconf 89' lang='lat' dir='ltr'><strong>literarum.</strong></span> <span class='ocrx_word' id='word_1_106' title='bbox 1063 1717 1197 1788; x_wconf 86' lang='lat' dir='ltr'><strong>Actum</strong></span> <span class='ocrx_word' id='word_1_107' title='bbox 1221 1718 1258 1788; x_wconf 91' lang='lat' dir='ltr'><strong>in</strong></span> <span class='ocrx_word' id='word_1_108' title='bbox 1280 1719 1408 1789; x_wconf 78' lang='lat' dir='ltr'><strong>Iadica</strong></span> <span class='ocrx_word' id='word_1_109' title='bbox 1432 1717 1522 1792; x_wconf 89' lang='lat' dir='ltr'><strong>ierie</strong></span> <span class='ocrx_word' id='word_1_110' title='bbox 1537 1719 1650 1789; x_wconf 89' lang='lat' dir='ltr'><strong>tercia</strong></span> <span class='ocrx_word' id='word_1_111' title='bbox 1672 1715 1917 1810; x_wconf 63' lang='lat' dir='ltr'><strong>Camispriuip</strong></span> 
     </span>
     <span class='ocr_line' id='line_1_12' title="bbox 366 1821 1918 1913; baseline -0.007 -4"><span class='ocrx_word' id='word_1_112' title='bbox 366 1849 470 1908; x_wconf 81' lang='lat' dir='ltr'><strong>‚anuo</strong></span> <span class='ocrx_word' id='word_1_113' title='bbox 490 1823 633 1908; x_wconf 88' lang='lat' dir='ltr'><strong>Domini</strong></span> <span class='ocrx_word' id='word_1_114' title='bbox 658 1823 846 1895; x_wconf 91' lang='lat' dir='ltr'><strong>millesimo</strong></span> <span class='ocrx_word' id='word_1_115' title='bbox 870 1821 1222 1913; x_wconf 88' lang='lat' dir='ltr'><strong>quadringentesimo</strong></span> <span class='ocrx_word' id='word_1_116' title='bbox 1245 1844 1349 1896; x_wconf 91' lang='lat' dir='ltr'><strong>nono.</strong></span> <span class='ocrx_word' id='word_1_117' title='bbox 1397 1824 1627 1897; x_wconf 87' lang='lat' dir='ltr'><strong>Presentibus</strong></span> <span class='ocrx_word' id='word_1_118' title='bbox 1651 1823 1857 1897; x_wconf 89' lang='lat' dir='ltr'><strong>reuerendis</strong></span> <span class='ocrx_word' id='word_1_119' title='bbox 1880 1828 1918 1899; x_wconf 91' lang='lat' dir='ltr'><strong>in</strong></span> 
     </span>
     <span class='ocr_line' id='line_1_13' title="bbox 387 1929 1919 2026; baseline -0.003 -18"><span class='ocrx_word' id='word_1_120' title='bbox 387 1939 513 2014; x_wconf 82' lang='lat' dir='ltr'><strong>Christo</strong></span> <span class='ocrx_word' id='word_1_121' title='bbox 541 1930 713 2024; x_wconf 85' lang='lat' dir='ltr'><strong>patribus,</strong></span> <span class='ocrx_word' id='word_1_122' title='bbox 751 1929 921 2002; x_wconf 90' lang='lat' dir='ltr'><strong>dominis:</strong></span> <span class='ocrx_word' id='word_1_123' title='bbox 967 1929 1113 2002; x_wconf 89' lang='lat' dir='ltr'><strong>Nicolao</strong></span> <span class='ocrx_word' id='word_1_124' title='bbox 1151 1936 1275 2003; x_wconf 87' lang='lat' dir='ltr'><strong>sancte</strong></span> <span class='ocrx_word' id='word_1_125' title='bbox 1309 1931 1527 2004; x_wconf 87' lang='lat' dir='ltr'><strong>Gneznensis</strong></span> <span class='ocrx_word' id='word_1_126' title='bbox 1563 1933 1713 2004; x_wconf 89' lang='lat' dir='ltr'><strong>ecclesie</strong></span> <span class='ocrx_word' id='word_1_127' title='bbox 1748 1933 1919 2026; x_wconf 86' lang='lat' dir='ltr'><strong>archiepi-</strong></span> 
     </span>
     <span class='ocr_line' id='line_1_14' title="bbox 387 2037 1924 2136; baseline -0.001 -22"><span class='ocrx_word' id='word_1_128' title='bbox 387 2063 492 2136; x_wconf 77' lang='lat' dir='ltr'><strong>scopo,</strong></span> <span class='ocrx_word' id='word_1_129' title='bbox 530 2037 676 2110; x_wconf 84' lang='lat' dir='ltr'><strong>Albcrto</strong></span> <span class='ocrx_word' id='word_1_130' title='bbox 715 2039 882 2130; x_wconf 90' lang='lat' dir='ltr'><strong>episcopo</strong></span> <span class='ocrx_word' id='word_1_131' title='bbox 920 2037 1165 2122; x_wconf 86' lang='lat' dir='ltr'><strong>Poznanicnsi,</strong></span> <span class='ocrx_word' id='word_1_132' title='bbox 1204 2058 1343 2111; x_wconf 87' lang='lat' dir='ltr'><strong>necnon</strong></span> <span class='ocrx_word' id='word_1_133' title='bbox 1381 2039 1510 2112; x_wconf 87' lang='lat' dir='ltr'><strong>validis</strong></span> <span class='ocrx_word' id='word_1_134' title='bbox 1550 2042 1778 2132; x_wconf 87' lang='lat' dir='ltr'><strong>strenuisque</strong></span> <span class='ocrx_word' id='word_1_135' title='bbox 1814 2043 1924 2113; x_wconf 82' lang='lat' dir='ltr'><strong>viris:-</strong></span> 
     </span>
     <span class='ocr_line' id='line_1_15' title="bbox 388 2144 1920 2230; baseline -0.003 -6"><span class='ocrx_word' id='word_1_136' title='bbox 388 2152 530 2230; x_wconf 82' lang='lat' dir='ltr'><strong>iuncone</strong></span> <span class='ocrx_word' id='word_1_137' title='bbox 553 2144 598 2216; x_wconf 92' lang='lat' dir='ltr'><strong>de</strong></span> <span class='ocrx_word' id='word_1_138' title='bbox 622 2147 774 2217; x_wconf 74' lang='lat' dir='ltr'><strong>Torctow</strong></span> <span class='ocrx_word' id='word_1_139' title='bbox 797 2145 990 2217; x_wconf 87' lang='lat' dir='ltr'><strong>castellano</strong></span> <span class='ocrx_word' id='word_1_140' title='bbox 1015 2145 1253 2230; x_wconf 87' lang='lat' dir='ltr'><strong>Craeouiensi,</strong></span> <span class='ocrx_word' id='word_1_141' title='bbox 1285 2146 1465 2219; x_wconf 85' lang='lat' dir='ltr'><strong>Christino</strong></span> <span class='ocrx_word' id='word_1_142' title='bbox 1489 2147 1534 2220; x_wconf 91' lang='lat' dir='ltr'><strong>de</strong></span> <span class='ocrx_word' id='word_1_143' title='bbox 1558 2149 1693 2220; x_wconf 82' lang='lat' dir='ltr'><strong>ostrow</strong></span> <span class='ocrx_word' id='word_1_144' title='bbox 1717 2146 1920 2220; x_wconf 87' lang='lat' dir='ltr'><strong>Sandomir·</strong></span> 
     </span>
     <span class='ocr_line' id='line_1_16' title="bbox 387 2251 1918 2344; baseline -0.002 -12"><span class='ocrx_word' id='word_1_145' title='bbox 387 2260 475 2339; x_wconf 83' lang='lat' dir='ltr'><strong>icosi,</strong></span> <span class='ocrx_word' id='word_1_146' title='bbox 504 2251 739 2344; x_wconf 81' lang='lat' dir='ltr'><strong>Sendziuogio</strong></span> <span class='ocrx_word' id='word_1_147' title='bbox 774 2252 819 2325; x_wconf 91' lang='lat' dir='ltr'><strong>de</strong></span> <span class='ocrx_word' id='word_1_148' title='bbox 852 2255 1019 2344; x_wconf 82' lang='lat' dir='ltr'><strong>Osirorop</strong></span> <span class='ocrx_word' id='word_1_149' title='bbox 1053 2252 1297 2338; x_wconf 86' lang='lat' dir='ltr'><strong>Poznaniensi,</strong></span> <span class='ocrx_word' id='word_1_150' title='bbox 1329 2253 1456 2326; x_wconf 90' lang='lat' dir='ltr'><strong>lacobo</strong></span> <span class='ocrx_word' id='word_1_151' title='bbox 1491 2255 1536 2326; x_wconf 85' lang='lat' dir='ltr'><strong>de</strong></span> <span class='ocrx_word' id='word_1_152' title='bbox 1559 2257 1790 2344; x_wconf 76' lang='lat' dir='ltr'><strong>Koniccepob</strong></span> <span class='ocrx_word' id='word_1_153' title='bbox 1826 2255 1918 2329; x_wconf 89' lang='lat' dir='ltr'><strong>Sira·</strong></span> 
     </span>
    </p>
   </div>
   <div class='ocr_carea' id='block_1_4' title="bbox 386 2355 2062 2455">
    <p class='ocr_par' dir='ltr' id='par_1_4' title="bbox 386 2355 2062 2455">
     <span class='ocr_line' id='line_1_17' title="bbox 386 2355 2062 2455; baseline -0.005 -15"><span class='ocrx_word' id='word_1_154' title='bbox 386 2365 489 2440; x_wconf 87' lang='lat' dir='ltr'><strong>diensi</strong></span> <span class='ocrx_word' id='word_1_155' title='bbox 511 2360 689 2455; x_wconf 83' lang='lat' dir='ltr'><strong>palatinis.</strong></span> <span class='ocrx_word' id='word_1_156' title='bbox 721 2361 914 2433; x_wconf 88' lang='lat' dir='ltr'><strong>Vinccncio</strong></span> <span class='ocrx_word' id='word_1_157' title='bbox 945 2359 989 2432; x_wconf 92' lang='lat' dir='ltr'><strong>de</strong></span> <span class='ocrx_word' id='word_1_158' title='bbox 1021 2363 1177 2433; x_wconf 80' lang='lat' dir='ltr'><strong>Gronoao</strong></span> <span class='ocrx_word' id='word_1_159' title='bbox 1208 2361 1402 2434; x_wconf 87' lang='lat' dir='ltr'><strong>castellano</strong></span> <span class='ocrx_word' id='word_1_160' title='bbox 1433 2361 1605 2436; x_wconf 86' lang='lat' dir='ltr'><strong>Naklensi</strong></span> <span class='ocrx_word' id='word_1_161' title='bbox 1636 2367 1671 2434; x_wconf 90' lang='lat' dir='ltr'><strong>et</strong></span> <span class='ocrx_word' id='word_1_162' title='bbox 1694 2355 1854 2436; x_wconf 85' lang='lat' dir='ltr'><strong>Iohanne</strong></span> <span class='ocrx_word' id='word_1_163' title='bbox 1874 2362 1919 2437; x_wconf 90' lang='lat' dir='ltr'><strong>de</strong></span> <span class='ocrx_word' id='word_1_164' title='bbox 2061 2377 2062 2382; x_wconf 65' lang='lat'>‘</span> 
     </span>
    </p>
   </div>
   <div class='ocr_carea' id='block_1_5' title="bbox 387 2466 1918 2564">
    <p class='ocr_par' dir='ltr' id='par_1_5' title="bbox 387 2466 1918 2564">
     <span class='ocr_line' id='line_1_18' title="bbox 387 2466 1918 2564; baseline -0.003 -18"><span class='ocrx_word' id='word_1_165' title='bbox 387 2473 550 2546; x_wconf 69' lang='lat' dir='ltr'><strong>ommino</strong></span> <span class='ocrx_word' id='word_1_166' title='bbox 584 2467 674 2540; x_wconf 89' lang='lat' dir='ltr'><strong>alias</strong></span> <span class='ocrx_word' id='word_1_167' title='bbox 706 2468 750 2540; x_wconf 91' lang='lat' dir='ltr'><strong>de</strong></span> <span class='ocrx_word' id='word_1_168' title='bbox 782 2471 934 2558; x_wconf 75' lang='lat' dir='ltr'><strong>qucpn</strong></span> <span class='ocrx_word' id='word_1_169' title='bbox 967 2466 1109 2554; x_wconf 86' lang='lat' dir='ltr'><strong>herede,</strong></span> <span class='ocrx_word' id='word_1_170' title='bbox 1147 2469 1359 2542; x_wconf 83' lang='lat' dir='ltr'><strong>Costanensi</strong></span> <span class='ocrx_word' id='word_1_171' title='bbox 1394 2475 1431 2542; x_wconf 89' lang='lat' dir='ltr'><strong>et</strong></span> <span class='ocrx_word' id='word_1_172' title='bbox 1453 2470 1694 2543; x_wconf 89' lang='lat' dir='ltr'><strong>Wschouensi</strong></span> <span class='ocrx_word' id='word_1_173' title='bbox 1722 2473 1918 2564; x_wconf 81' lang='lat' dir='ltr'><strong>capitaneo,</strong></span> 
     </span>
    </p>
   </div>
   <div class='ocr_carea' id='block_1_6' title="bbox 67 2561 1919 2673">
    <p class='ocr_par' dir='ltr' id='par_1_6' title="bbox 67 2561 1919 2673">
     <span class='ocr_line' id='line_1_19' title="bbox 67 2561 1919 2673; baseline -0.002 -19"><span class='ocrx_word' id='word_1_174' title='bbox 67 2561 78 2576; x_wconf 67' lang='lat'><em>⁰</em></span> <span class='ocrx_word' id='word_1_175' title='bbox 305 2653 307 2658; x_wconf 82' lang='grc'>,</span> <span class='ocrx_word' id='word_1_176' title='bbox 387 2582 526 2673; x_wconf 77' lang='lat' dir='ltr'><strong>aliisque</strong></span> <span class='ocrx_word' id='word_1_177' title='bbox 564 2596 673 2667; x_wconf 89' lang='lat' dir='ltr'><strong>quam</strong></span> <span class='ocrx_word' id='word_1_178' title='bbox 710 2575 873 2668; x_wconf 92' lang='lat' dir='ltr'><strong>pluribus</strong></span> <span class='ocrx_word' id='word_1_179' title='bbox 907 2579 1039 2649; x_wconf 88' lang='lat' dir='ltr'><strong>nostris</strong></span> <span class='ocrx_word' id='word_1_180' title='bbox 1074 2574 1244 2672; x_wconf 80' lang='lat' dir='ltr'><strong>iidelibus</strong></span> <span class='ocrx_word' id='word_1_181' title='bbox 1276 2576 1482 2669; x_wconf 86' lang='lat' dir='ltr'><strong>iidedignis.</strong></span> <span class='ocrx_word' id='word_1_182' title='bbox 1528 2578 1663 2651; x_wconf 90' lang='lat' dir='ltr'><strong>Datum</strong></span> <span class='ocrx_word' id='word_1_183' title='bbox 1696 2598 1919 2671; x_wconf 84' lang='lat' dir='ltr'><strong>parmenus</strong></span> 
     </span>
    </p>
   </div>
   <div class='ocr_carea' id='block_1_7' title="bbox 340 2683 1919 2996">
    <p class='ocr_par' dir='ltr' id='par_1_7' title="bbox 340 2683 1919 2996">
     <span class='ocr_line' id='line_1_20' title="bbox 340 2683 1919 2776; baseline 0 -18"><span class='ocrx_word' id='word_1_184' title='bbox 340 2689 349 2703; x_wconf 91' lang='lat'>&#39;</span> <span class='ocrx_word' id='word_1_185' title='bbox 387 2687 511 2761; x_wconf 88' lang='lat' dir='ltr'><strong>domini</strong></span> <span class='ocrx_word' id='word_1_186' title='bbox 538 2683 675 2756; x_wconf 87' lang='lat' dir='ltr'><strong>Nicolai</strong></span> <span class='ocrx_word' id='word_1_187' title='bbox 696 2686 868 2776; x_wconf 89' lang='lat' dir='ltr'><strong>prepositi</strong></span> <span class='ocrx_word' id='word_1_188' title='bbox 891 2685 1007 2756; x_wconf 89' lang='lat' dir='ltr'><strong>sancti</strong></span> <span class='ocrx_word' id='word_1_189' title='bbox 1030 2684 1185 2756; x_wconf 82' lang='lat' dir='ltr'><strong>Floriani</strong></span> <span class='ocrx_word' id='word_1_190' title='bbox 1209 2689 1455 2758; x_wconf 86' lang='lat' dir='ltr'><strong>extramuros</strong></span> <span class='ocrx_word' id='word_1_191' title='bbox 1479 2685 1726 2759; x_wconf 85' lang='lat' dir='ltr'><strong>Oracouiensis</strong></span> <span class='ocrx_word' id='word_1_192' title='bbox 1750 2689 1919 2772; x_wconf 84' lang='lat' dir='ltr'><strong>ciuitatis,</strong></span> 
     </span>
     <span class='ocr_line' id='line_1_21' title="bbox 387 2791 1647 2899; baseline -0.002 -33"><span class='ocrx_word' id='word_1_193' title='bbox 387 2795 557 2884; x_wconf 86' lang='lat' dir='ltr'><strong>nostrique</strong></span> <span class='ocrx_word' id='word_1_194' title='bbox 578 2793 681 2882; x_wconf 77' lang='lat' dir='ltr'><strong>regni</strong></span> <span class='ocrx_word' id='word_1_195' title='bbox 702 2791 997 2884; x_wconf 60' lang='lat' dir='ltr'><strong>vicecancellarii</strong></span> <span class='ocrx_word' id='word_1_196' title='bbox 1021 2791 1125 2864; x_wconf 90' lang='lat' dir='ltr'><strong>nobis</strong></span> <span class='ocrx_word' id='word_1_197' title='bbox 1148 2795 1286 2864; x_wconf 90' lang='lat' dir='ltr'><strong>sincere</strong></span> <span class='ocrx_word' id='word_1_198' title='bbox 1310 2791 1440 2864; x_wconf 86' lang='lat' dir='ltr'><strong>dilecti.</strong></span> <span class='ocrx_word' id='word_1_199' title='bbox 1614 2891 1618 2899; x_wconf 25' lang='grc' dir='ltr'>Ι</span> <span class='ocrx_word' id='word_1_200' title='bbox 1645 2799 1647 2804; x_wconf 82' lang='grc'><em>’</em></span> 
     </span>
     <span class='ocr_line' id='line_1_22' title="bbox 535 2897 1919 2996; baseline 0.001 -25"><span class='ocrx_word' id='word_1_201' title='bbox 535 2897 595 2972; x_wconf 75' lang='lat' dir='ltr'><strong>Ad</strong></span> <span class='ocrx_word' id='word_1_202' title='bbox 615 2898 831 2972; x_wconf 75' lang='lat' dir='ltr'><strong>relacionem</strong></span> <span class='ocrx_word' id='word_1_203' title='bbox 854 2898 1016 2972; x_wconf 87' lang='lat' dir='ltr'><strong>eiusdem</strong></span> <span class='ocrx_word' id='word_1_204' title='bbox 1039 2898 1175 2972; x_wconf 91' lang='lat' dir='ltr'><strong>domini</strong></span> <span class='ocrx_word' id='word_1_205' title='bbox 1189 2899 1327 2972; x_wconf 87' lang='lat' dir='ltr'><strong>Nicolai</strong></span> <span class='ocrx_word' id='word_1_206' title='bbox 1346 2903 1448 2990; x_wconf 85' lang='lat' dir='ltr'><strong>regni</strong></span> <span class='ocrx_word' id='word_1_207' title='bbox 1466 2901 1609 2974; x_wconf 87' lang='lat' dir='ltr'><strong>Polonie</strong></span> <span class='ocrx_word' id='word_1_208' title='bbox 1623 2902 1919 2996; x_wconf 82' lang='lat' dir='ltr'><strong>vicecancellarij.</strong></span> 
     </span>
    </p>
   </div>
   <div class='ocr_carea' id='block_1_8' title="bbox 386 3065 1920 3259">
    <p class='ocr_par' dir='ltr' id='par_1_8' title="bbox 386 3065 1920 3259">
     <span class='ocr_line' id='line_1_23' title="bbox 468 3065 1920 3256; baseline 0.004 -104"><span class='ocrx_word' id='word_1_209' title='bbox 468 3094 621 3256; x_wconf 52' lang='lat' dir='ltr'><strong>„affl</strong></span> <span class='ocrx_word' id='word_1_210' title='bbox 647 3095 859 3170; x_wconf 78' lang='lat' dir='ltr'><strong>privilegiorum</strong></span> <span class='ocrx_word' id='word_1_211' title='bbox 886 3096 1009 3153; x_wconf 72' lang='lat' dir='ltr'><strong>aviam</strong></span> <span class='ocrx_word' id='word_1_212' title='bbox 1038 3095 1190 3155; x_wconf 63' lang='lat' dir='ltr'><strong>wem„</strong></span> <span class='ocrx_word' id='word_1_213' title='bbox 1206 3065 1231 3154; x_wconf 71' lang='grc' dir='ltr'><strong><em>ἰ</em></strong></span> <span class='ocrx_word' id='word_1_214' title='bbox 1256 3095 1367 3192; x_wconf 76' lang='lat' dir='ltr'><strong>¹rrum</strong></span> <span class='ocrx_word' id='word_1_215' title='bbox 1396 3097 1487 3156; x_wconf 64' lang='lat' dir='ltr'><strong>mera</strong></span> <span class='ocrx_word' id='word_1_216' title='bbox 1513 3103 1563 3156; x_wconf 77' lang='lat' dir='ltr'><strong>nr.</strong></span> <span class='ocrx_word' id='word_1_217' title='bbox 1589 3097 1626 3156; x_wconf 81' lang='lat' dir='ltr'><strong>aa</strong></span> <span class='ocrx_word' id='word_1_218' title='bbox 1654 3097 1793 3172; x_wconf 71' lang='lat' dir='ltr'><strong>(emm,</strong></span> <span class='ocrx_word' id='word_1_219' title='bbox 1818 3096 1920 3158; x_wconf 69' lang='lat' dir='ltr'><strong>amm-</strong></span> 
     </span>
     <span class='ocr_line' id='line_1_24' title="bbox 386 3187 1759 3259; baseline 0.004 -17"><span class='ocrx_word' id='word_1_220' title='bbox 386 3202 450 3242; x_wconf 72' lang='grc' dir='ltr'><strong>ιω</strong></span> <span class='ocrx_word' id='word_1_221' title='bbox 531 3187 610 3259; x_wconf 72' lang='lat' dir='ltr'><strong>ores).</strong></span> <span class='ocrx_word' id='word_1_222' title='bbox 1742 3218 1759 3248; x_wconf 86' lang='lat'><strong>.-</strong></span> 
     </span>
    </p>
   </div>
   <div class='ocr_carea' id='block_1_9' title="bbox 387 3553 1383 3706">
    <p class='ocr_par' dir='ltr' id='par_1_9' title="bbox 387 3553 1383 3706">
     <span class='ocr_line' id='line_1_25' title="bbox 387 3553 1383 3706; baseline 0 -54"><span class='ocrx_word' id='word_1_223' title='bbox 387 3584 441 3652; x_wconf 77' lang='lat' dir='ltr'><strong>ib.</strong></span> <span class='ocrx_word' id='word_1_224' title='bbox 500 3584 598 3654; x_wconf 82' lang='lat'>1409.</span> <span class='ocrx_word' id='word_1_225' title='bbox 625 3581 761 3694; x_wconf 72' lang='lat'><strong>‘¹¹⁶‚²⁵·</strong></span> <span class='ocrx_word' id='word_1_226' title='bbox 786 3583 923 3654; x_wconf 89' lang='lat' dir='ltr'><strong>mensis</strong></span> <span class='ocrx_word' id='word_1_227' title='bbox 947 3581 1093 3673; x_wconf 79' lang='lat' dir='ltr'><strong>Aprilis,</strong></span> <span class='ocrx_word' id='word_1_228' title='bbox 1117 3553 1291 3654; x_wconf 80' lang='lat' dir='ltr'><strong>Gnesnae.</strong></span> <span class='ocrx_word' id='word_1_229' title='bbox 1375 3693 1383 3706; x_wconf 92' lang='lat'>.</span> 
     </span>
    </p>
   </div>
   <div class='ocr_carea' id='block_1_10' title="bbox 389 3735 2009 3979">
    <p class='ocr_par' dir='ltr' id='par_1_10' title="bbox 389 3735 2009 3979">
     <span class='ocr_line' id='line_1_26' title="bbox 540 3735 2009 3880; baseline -0.001 -28"><span class='ocrx_word' id='word_1_230' title='bbox 540 3777 677 3852; x_wconf 87' lang='lat' dir='ltr'><strong>Nicolai</strong></span> <span class='ocrx_word' id='word_1_231' title='bbox 698 3735 958 3880; x_wconf 80' lang='lat' dir='ltr'><strong>archiepiscopi</strong></span> <span class='ocrx_word' id='word_1_232' title='bbox 982 3778 1201 3852; x_wconf 87' lang='lat' dir='ltr'><strong>Guesnensis</strong></span> <span class='ocrx_word' id='word_1_233' title='bbox 1225 3797 1309 3852; x_wconf 91' lang='lat' dir='ltr'><strong>cum</strong></span> <span class='ocrx_word' id='word_1_234' title='bbox 1331 3779 1520 3870; x_wconf 79' lang='lat' dir='ltr'><strong>terrigenis</strong></span> <span class='ocrx_word' id='word_1_235' title='bbox 1543 3777 1717 3852; x_wconf 82' lang='lat' dir='ltr'><strong>dioecesis</strong></span> <span class='ocrx_word' id='word_1_236' title='bbox 1741 3777 1941 3854; x_wconf 82' lang='lat' dir='ltr'><strong>Gnaeum·-</strong></span> <span class='ocrx_word' id='word_1_237' title='bbox 2002 3860 2009 3872; x_wconf 30' lang='lat'><strong>¹</strong></span> 
     </span>
     <span class='ocr_line' id='line_1_27' title="bbox 389 3883 1580 3979; baseline -0.001 -27"><span class='ocrx_word' id='word_1_238' title='bbox 389 3883 435 3953; x_wconf 83' lang='lat' dir='ltr'><strong>sis</strong></span> <span class='ocrx_word' id='word_1_239' title='bbox 456 3883 500 3956; x_wconf 91' lang='lat' dir='ltr'><strong>de</strong></span> <span class='ocrx_word' id='word_1_240' title='bbox 522 3885 671 3960; x_wconf 81' lang='lat' dir='ltr'><strong>decimis</strong></span> <span class='ocrx_word' id='word_1_241' title='bbox 693 3883 884 3958; x_wconf 79' lang='lat' dir='ltr'><strong>reddendis</strong></span> <span class='ocrx_word' id='word_1_242' title='bbox 906 3891 1064 3979; x_wconf 91' lang='lat' dir='ltr'><strong>pactum.</strong></span> <span class='ocrx_word' id='word_1_243' title='bbox 1222 3885 1226 3894; x_wconf 86' lang='lat'>&#39;</span> <span class='ocrx_word' id='word_1_244' title='bbox 1577 3929 1580 3935; x_wconf 73' lang='lat'>·</span> 
     </span>
    </p>
   </div>
   <div class='ocr_carea' id='block_1_11' title="bbox 353 4037 1923 4284">
    <p class='ocr_par' dir='ltr' id='par_1_11' title="bbox 353 4031 1923 4284">
     <span class='ocr_line' id='line_1_28' title="bbox 536 4037 1923 4176; baseline 0.001 -20"><span class='ocrx_word' id='word_1_245' title='bbox 536 4081 577 4156; x_wconf 92' lang='lat' dir='ltr'><strong>ln</strong></span> <span class='ocrx_word' id='word_1_246' title='bbox 598 4085 745 4156; x_wconf 86' lang='lat' dir='ltr'><strong>nomine</strong></span> <span class='ocrx_word' id='word_1_247' title='bbox 763 4043 913 4156; x_wconf 73' lang='lat' dir='ltr'><strong>Domini</strong></span> <span class='ocrx_word' id='word_1_248' title='bbox 935 4101 1051 4156; x_wconf 88' lang='lat' dir='ltr'><strong>amen.</strong></span> <span class='ocrx_word' id='word_1_249' title='bbox 1099 4083 1172 4156; x_wconf 90' lang='lat' dir='ltr'><strong>Nos</strong></span> <span class='ocrx_word' id='word_1_250' title='bbox 1202 4081 1371 4157; x_wconf 87' lang='lat' dir='ltr'><strong>Nicolaus</strong></span> <span class='ocrx_word' id='word_1_251' title='bbox 1400 4037 1524 4156; x_wconf 88' lang='lat' dir='ltr'><strong>diuina</strong></span> <span class='ocrx_word' id='word_1_252' title='bbox 1545 4082 1777 4176; x_wconf 88' lang='lat' dir='ltr'><strong>prouidencia</strong></span> <span class='ocrx_word' id='word_1_253' title='bbox 1799 4090 1923 4158; x_wconf 87' lang='lat' dir='ltr'><strong>sancte</strong></span> 
     </span>
     <span class='ocr_line' id='line_1_29' title="bbox 353 4183 1922 4284; baseline 0.005 -27"><span class='ocrx_word' id='word_1_254' title='bbox 353 4239 356 4246; x_wconf 67' lang='lat'>,</span> <span class='ocrx_word' id='word_1_255' title='bbox 388 4183 597 4264; x_wconf 81' lang='lat' dir='ltr'><strong>Gueaueusis</strong></span> <span class='ocrx_word' id='word_1_256' title='bbox 619 4191 769 4264; x_wconf 87' lang='lat' dir='ltr'><strong>ecclesie</strong></span> <span class='ocrx_word' id='word_1_257' title='bbox 786 4191 1085 4284; x_wconf 81' lang='lat' dir='ltr'><strong>archiepiscopus,</strong></span> <span class='ocrx_word' id='word_1_258' title='bbox 1108 4211 1263 4264; x_wconf 79' lang='lat' dir='ltr'><strong>unacum</strong></span> <span class='ocrx_word' id='word_1_259' title='bbox 1282 4190 1545 4263; x_wconf 84' lang='lat' dir='ltr'><strong>venerabilibus</strong></span> <span class='ocrx_word' id='word_1_260' title='bbox 1561 4189 1734 4278; x_wconf 73' lang='lat' dir='ltr'><strong>dominis.</strong></span> <span class='ocrx_word' id='word_1_261' title='bbox 1751 4191 1922 4265; x_wconf 80' lang='lat' dir='ltr'><strong>iratribus</strong></span> 
     </span>
    </p>
   </div>
   <div class='ocr_carea' id='block_1_12' title="bbox 154 4281 2074 4402">
    <p class='ocr_par' dir='ltr' id='par_1_12' title="bbox 154 4281 2074 4402">
     <span class='ocr_line' id='line_1_30' title="bbox 154 4281 2074 4402; baseline -0.003 -27"><span class='ocrx_word' id='word_1_262' title='bbox 154 4281 187 4402; x_wconf 41' lang='lat' dir='ltr'><em>J</em></span> <span class='ocrx_word' id='word_1_263' title='bbox 295 4309 299 4317; x_wconf 84' lang='lat'><em>&#39;</em></span> <span class='ocrx_word' id='word_1_264' title='bbox 388 4298 520 4382; x_wconf 81' lang='lat' dir='ltr'><strong>nostris,</strong></span> <span class='ocrx_word' id='word_1_265' title='bbox 543 4299 698 4391; x_wconf 86' lang='lat' dir='ltr'><strong>capitulo</strong></span> <span class='ocrx_word' id='word_1_266' title='bbox 719 4298 884 4370; x_wconf 85' lang='lat' dir='ltr'><strong>eiusdem</strong></span> <span class='ocrx_word' id='word_1_267' title='bbox 907 4299 1057 4370; x_wconf 83' lang='lat' dir='ltr'><strong>ecclesie</strong></span> <span class='ocrx_word' id='word_1_268' title='bbox 1080 4297 1310 4385; x_wconf 82' lang='lat' dir='ltr'><strong>(lucanensis,</strong></span> <span class='ocrx_word' id='word_1_269' title='bbox 1334 4298 1381 4371; x_wconf 88' lang='lat' dir='ltr'><strong>ad</strong></span> <span class='ocrx_word' id='word_1_270' title='bbox 1403 4303 1614 4392; x_wconf 88' lang='lat' dir='ltr'><strong>perpetuam</strong></span> <span class='ocrx_word' id='word_1_271' title='bbox 1636 4301 1688 4370; x_wconf 90' lang='lat' dir='ltr'><strong>rei</strong></span> <span class='ocrx_word' id='word_1_272' title='bbox 1711 4293 1923 4372; x_wconf 88' lang='lat' dir='ltr'><strong>memoriam</strong></span> <span class='ocrx_word' id='word_1_273' title='bbox 2071 4364 2074 4369; x_wconf 84' lang='lat'><em>.</em></span> 
     </span>
    </p>
   </div>
   <div class='ocr_carea' id='block_1_13' title="bbox 388 4401 2015 5468">
    <p class='ocr_par' dir='ltr' id='par_1_13' title="bbox 388 4401 2015 5468">
     <span class='ocr_line' id='line_1_31' title="bbox 388 4401 1923 4500; baseline 0.003 -23"><span class='ocrx_word' id='word_1_274' title='bbox 388 4401 421 4468; x_wconf 67' lang='grc' dir='ltr'><strong>οἱ</strong></span> <span class='ocrx_word' id='word_1_275' title='bbox 450 4401 496 4476; x_wconf 79' lang='lat' dir='ltr'><strong>td</strong></span> <span class='ocrx_word' id='word_1_276' title='bbox 516 4408 776 4492; x_wconf 81' lang='lat' dir='ltr'><strong>vniuersorum,</strong></span> <span class='ocrx_word' id='word_1_277' title='bbox 812 4426 964 4497; x_wconf 91' lang='lat' dir='ltr'><strong>quorum</strong></span> <span class='ocrx_word' id='word_1_278' title='bbox 996 4408 1156 4492; x_wconf 87' lang='lat' dir='ltr'><strong>interest,</strong></span> <span class='ocrx_word' id='word_1_279' title='bbox 1192 4409 1363 4479; x_wconf 87' lang='lat' dir='ltr'><strong>noticiam</strong></span> <span class='ocrx_word' id='word_1_280' title='bbox 1396 4406 1623 4500; x_wconf 86' lang='lat' dir='ltr'><strong>presentibus</strong></span> <span class='ocrx_word' id='word_1_281' title='bbox 1646 4407 1813 4480; x_wconf 83' lang='lat' dir='ltr'><strong>volumus</strong></span> <span class='ocrx_word' id='word_1_282' title='bbox 1845 4427 1923 4500; x_wconf 90' lang='lat' dir='ltr'><strong>per·</strong></span> 
     </span>
     <span class='ocr_line' id='line_1_32' title="bbox 388 4509 1923 4606; baseline 0.003 -22"><span class='ocrx_word' id='word_1_283' title='bbox 388 4509 511 4596; x_wconf 74' lang='lat' dir='ltr'><strong>uenire,</strong></span> <span class='ocrx_word' id='word_1_284' title='bbox 548 4511 644 4604; x_wconf 91' lang='lat' dir='ltr'><strong>quod</strong></span> <span class='ocrx_word' id='word_1_285' title='bbox 666 4516 851 4606; x_wconf 88' lang='lat' dir='ltr'><strong>cupientes</strong></span> <span class='ocrx_word' id='word_1_286' title='bbox 874 4517 1135 4586; x_wconf 88' lang='lat' dir='ltr'><strong>controuersias</strong></span> <span class='ocrx_word' id='word_1_287' title='bbox 1168 4515 1261 4587; x_wconf 88' lang='lat' dir='ltr'><strong>inter</strong></span> <span class='ocrx_word' id='word_1_288' title='bbox 1294 4533 1361 4587; x_wconf 85' lang='lat' dir='ltr'><strong>uos</strong></span> <span class='ocrx_word' id='word_1_289' title='bbox 1392 4519 1429 4586; x_wconf 87' lang='lat' dir='ltr'><strong>et</strong></span> <span class='ocrx_word' id='word_1_290' title='bbox 1450 4515 1640 4586; x_wconf 89' lang='lat' dir='ltr'><strong>ecclesiam</strong></span> <span class='ocrx_word' id='word_1_291' title='bbox 1673 4519 1844 4600; x_wconf 78' lang='lat' dir='ltr'><strong>nostram.</strong></span> <span class='ocrx_word' id='word_1_292' title='bbox 1880 4536 1923 4588; x_wconf 83' lang='lat' dir='ltr'><strong>ar</strong></span> 
     </span>
     <span class='ocr_line' id='line_1_33' title="bbox 389 4620 1924 4716; baseline 0.003 -24"><span class='ocrx_word' id='word_1_293' title='bbox 389 4629 462 4701; x_wconf 72' lang='lat' dir='ltr'><strong>vna.</strong></span> <span class='ocrx_word' id='word_1_294' title='bbox 488 4637 627 4694; x_wconf 88' lang='lat' dir='ltr'><strong>necnon</strong></span> <span class='ocrx_word' id='word_1_295' title='bbox 650 4620 787 4694; x_wconf 90' lang='lat' dir='ltr'><strong>nobiles</strong></span> <span class='ocrx_word' id='word_1_296' title='bbox 811 4625 849 4693; x_wconf 92' lang='lat' dir='ltr'><strong>et</strong></span> <span class='ocrx_word' id='word_1_297' title='bbox 870 4623 1067 4711; x_wconf 81' lang='lat' dir='ltr'><strong>terrigenas</strong></span> <span class='ocrx_word' id='word_1_298' title='bbox 1091 4627 1212 4694; x_wconf 88' lang='lat' dir='ltr'><strong>nostre</strong></span> <span class='ocrx_word' id='word_1_299' title='bbox 1235 4621 1419 4712; x_wconf 77' lang='lat' dir='ltr'><strong>dyoecesis</strong></span> <span class='ocrx_word' id='word_1_300' title='bbox 1435 4643 1479 4693; x_wconf 88' lang='lat' dir='ltr'><strong>ex</strong></span> <span class='ocrx_word' id='word_1_301' title='bbox 1493 4621 1606 4693; x_wconf 87' lang='lat' dir='ltr'><strong>altera</strong></span> <span class='ocrx_word' id='word_1_302' title='bbox 1619 4622 1792 4714; x_wconf 84' lang='lat' dir='ltr'><strong>partibus,</strong></span> <span class='ocrx_word' id='word_1_303' title='bbox 1815 4643 1924 4716; x_wconf 86' lang='lat' dir='ltr'><strong>super</strong></span> 
     </span>
     <span class='ocr_line' id='line_1_34' title="bbox 389 4717 1923 4821; baseline 0.004 -23"><span class='ocrx_word' id='word_1_304' title='bbox 389 4717 614 4820; x_wconf 81' lang='lat' dir='ltr'><strong>inimscnptis</strong></span> <span class='ocrx_word' id='word_1_305' title='bbox 638 4729 798 4801; x_wconf 80' lang='lat' dir='ltr'><strong>mticulie</strong></span> <span class='ocrx_word' id='word_1_306' title='bbox 822 4732 858 4800; x_wconf 92' lang='lat' dir='ltr'><strong>et</strong></span> <span class='ocrx_word' id='word_1_307' title='bbox 880 4729 962 4818; x_wconf 83' lang='lat' dir='ltr'><strong>alijs</strong></span> <span class='ocrx_word' id='word_1_308' title='bbox 986 4728 1123 4801; x_wconf 90' lang='lat' dir='ltr'><strong>dudum</strong></span> <span class='ocrx_word' id='word_1_309' title='bbox 1147 4735 1297 4816; x_wconf 83' lang='lat' dir='ltr'><strong>exortes,</strong></span> <span class='ocrx_word' id='word_1_310' title='bbox 1322 4728 1439 4814; x_wconf 86' lang='lat' dir='ltr'><strong>modo,</strong></span> <span class='ocrx_word' id='word_1_311' title='bbox 1464 4749 1533 4820; x_wconf 93' lang='lat' dir='ltr'><strong>quo</strong></span> <span class='ocrx_word' id='word_1_312' title='bbox 1556 4749 1761 4821; x_wconf 89' lang='lat' dir='ltr'><strong>possumus,</strong></span> <span class='ocrx_word' id='word_1_313' title='bbox 1785 4731 1923 4804; x_wconf 90' lang='lat' dir='ltr'><strong>meliori</strong></span> 
     </span>
     <span class='ocr_line' id='line_1_35' title="bbox 389 4833 1924 4929; baseline 0.001 -21"><span class='ocrx_word' id='word_1_314' title='bbox 389 4843 444 4914; x_wconf 88' lang='lat' dir='ltr'><strong>pro</strong></span> <span class='ocrx_word' id='word_1_315' title='bbox 466 4833 635 4922; x_wconf 83' lang='lat' dir='ltr'><strong>qualitate</strong></span> <span class='ocrx_word' id='word_1_316' title='bbox 658 4837 831 4928; x_wconf 88' lang='lat' dir='ltr'><strong>temporis</strong></span> <span class='ocrx_word' id='word_1_317' title='bbox 854 4839 1030 4908; x_wconf 88' lang='lat' dir='ltr'><strong>currentis</strong></span> <span class='ocrx_word' id='word_1_318' title='bbox 1060 4837 1284 4929; x_wconf 78' lang='lat' dir='ltr'><strong>complanare,</strong></span> <span class='ocrx_word' id='word_1_319' title='bbox 1315 4857 1398 4917; x_wconf 89' lang='lat' dir='ltr'><strong>cum</strong></span> <span class='ocrx_word' id='word_1_320' title='bbox 1422 4834 1560 4908; x_wconf 89' lang='lat' dir='ltr'><strong>eisdem</strong></span> <span class='ocrx_word' id='word_1_321' title='bbox 1581 4835 1773 4909; x_wconf 87' lang='lat' dir='ltr'><strong>nobillibus</strong></span> <span class='ocrx_word' id='word_1_322' title='bbox 1797 4842 1834 4910; x_wconf 94' lang='lat' dir='ltr'><strong>et</strong></span> <span class='ocrx_word' id='word_1_323' title='bbox 1855 4841 1924 4910; x_wconf 85' lang='lat' dir='ltr'><strong>ter·</strong></span> 
     </span>
     <span class='ocr_line' id='line_1_36' title="bbox 388 4933 1923 5039; baseline 0.004 -26"><span class='ocrx_word' id='word_1_324' title='bbox 388 4933 511 5024; x_wconf 63' lang='lat' dir='ltr'><strong>rigente</strong></span> <span class='ocrx_word' id='word_1_325' title='bbox 545 4942 655 5016; x_wconf 88' lang='lat' dir='ltr'><strong>talem</strong></span> <span class='ocrx_word' id='word_1_326' title='bbox 695 4943 850 5016; x_wconf 86' lang='lat' dir='ltr'><strong>iacimus</strong></span> <span class='ocrx_word' id='word_1_327' title='bbox 882 4941 1148 5016; x_wconf 87' lang='lat' dir='ltr'><strong>ordinacionem</strong></span> <span class='ocrx_word' id='word_1_328' title='bbox 1190 4950 1226 5017; x_wconf 89' lang='lat' dir='ltr'><strong>et</strong></span> <span class='ocrx_word' id='word_1_329' title='bbox 1268 4943 1494 5017; x_wconf 88' lang='lat' dir='ltr'><strong>concordiam</strong></span> <span class='ocrx_word' id='word_1_330' title='bbox 1533 4943 1664 5016; x_wconf 81' lang='lat' dir='ltr'><strong>futuris</strong></span> <span class='ocrx_word' id='word_1_331' title='bbox 1702 4945 1923 5039; x_wconf 84' lang='lat' dir='ltr'><strong>temporibus</strong></span> 
     </span>
     <span class='ocr_line' id='line_1_37' title="bbox 388 5035 2015 5148; baseline 0.007 -38"><span class='ocrx_word' id='word_1_332' title='bbox 388 5035 597 5122; x_wconf 81' lang='lat' dir='ltr'><strong>duraturam.</strong></span> <span class='ocrx_word' id='word_1_333' title='bbox 643 5049 829 5136; x_wconf 73' lang='lat' dir='ltr'><strong>Videlicet</strong></span> <span class='ocrx_word' id='word_1_334' title='bbox 864 5047 960 5143; x_wconf 92' lang='lat' dir='ltr'><strong>quod</strong></span> <span class='ocrx_word' id='word_1_335' title='bbox 994 5050 1039 5124; x_wconf 89' lang='lat' dir='ltr'><strong>de</strong></span> <span class='ocrx_word' id='word_1_336' title='bbox 1072 5055 1229 5146; x_wconf 87' lang='lat' dir='ltr'><strong>antiquis</strong></span> <span class='ocrx_word' id='word_1_337' title='bbox 1252 5052 1348 5124; x_wconf 88' lang='lat' dir='ltr'><strong>villis</strong></span> <span class='ocrx_word' id='word_1_338' title='bbox 1381 5057 1418 5123; x_wconf 87' lang='lat' dir='ltr'><strong>et</strong></span> <span class='ocrx_word' id='word_1_339' title='bbox 1448 5051 1493 5124; x_wconf 91' lang='lat' dir='ltr'><strong>de</strong></span> <span class='ocrx_word' id='word_1_340' title='bbox 1516 5053 1613 5142; x_wconf 83' lang='lat' dir='ltr'><strong>egris</strong></span> <span class='ocrx_word' id='word_1_341' title='bbox 1636 5053 1763 5126; x_wconf 91' lang='lat' dir='ltr'><strong>locatis</strong></span> <span class='ocrx_word' id='word_1_342' title='bbox 1786 5058 1823 5128; x_wconf 89' lang='lat' dir='ltr'><strong>et</strong></span> <span class='ocrx_word' id='word_1_343' title='bbox 1844 5073 1924 5148; x_wconf 89' lang='lat' dir='ltr'><strong>pos·</strong></span> <span class='ocrx_word' id='word_1_344' title='bbox 2013 5117 2015 5122; x_wconf 86' lang='lat'><em>.</em></span> 
     </span>
     <span class='ocr_line' id='line_1_38' title="bbox 389 5155 1924 5252; baseline 0.007 -28"><span class='ocrx_word' id='word_1_345' title='bbox 389 5155 490 5226; x_wconf 69' lang='lat' dir='ltr'><strong>secu</strong></span> <span class='ocrx_word' id='word_1_346' title='bbox 511 5158 571 5230; x_wconf 93' lang='lat' dir='ltr'><strong>uel</strong></span> <span class='ocrx_word' id='word_1_347' title='bbox 594 5155 736 5231; x_wconf 88' lang='lat' dir='ltr'><strong>decima</strong></span> <span class='ocrx_word' id='word_1_348' title='bbox 758 5159 1020 5252; x_wconf 88' lang='lat' dir='ltr'><strong>manipulatim,</strong></span> <span class='ocrx_word' id='word_1_349' title='bbox 1054 5159 1116 5231; x_wconf 83' lang='lat' dir='ltr'><strong>ubi</strong></span> <span class='ocrx_word' id='word_1_350' title='bbox 1140 5157 1277 5232; x_wconf 89' lang='lat' dir='ltr'><strong>decime</strong></span> <span class='ocrx_word' id='word_1_351' title='bbox 1300 5159 1393 5232; x_wconf 89' lang='lat' dir='ltr'><strong>solui</strong></span> <span class='ocrx_word' id='word_1_352' title='bbox 1416 5163 1690 5245; x_wconf 78' lang='lat' dir='ltr'><strong>consueuerunt</strong></span> <span class='ocrx_word' id='word_1_353' title='bbox 1724 5161 1924 5235; x_wconf 88' lang='lat' dir='ltr'><strong>secundum</strong></span> 
     </span>
     <span class='ocr_line' id='line_1_39' title="bbox 389 5260 1926 5362; baseline 0.007 -29"><span class='ocrx_word' id='word_1_354' title='bbox 389 5260 565 5352; x_wconf 75' lang='lat' dir='ltr'><strong>utiquam</strong></span> <span class='ocrx_word' id='word_1_355' title='bbox 599 5265 905 5350; x_wconf 81' lang='lat' dir='ltr'><strong>consuemdinem,</strong></span> <span class='ocrx_word' id='word_1_356' title='bbox 948 5265 994 5339; x_wconf 91' lang='lat' dir='ltr'><strong>ad</strong></span> <span class='ocrx_word' id='word_1_357' title='bbox 1025 5287 1115 5358; x_wconf 91' lang='lat' dir='ltr'><strong>quos</strong></span> <span class='ocrx_word' id='word_1_358' title='bbox 1147 5270 1336 5360; x_wconf 86' lang='lat' dir='ltr'><strong>pertinent,</strong></span> <span class='ocrx_word' id='word_1_359' title='bbox 1371 5267 1573 5352; x_wconf 71' lang='lat' dir='ltr'><strong>colonatum</strong></span> <span class='ocrx_word' id='word_1_360' title='bbox 1608 5271 1645 5340; x_wconf 86' lang='lat' dir='ltr'><strong>et</strong></span> <span class='ocrx_word' id='word_1_361' title='bbox 1677 5267 1739 5340; x_wconf 83' lang='lat' dir='ltr'><strong>vbi</strong></span> <span class='ocrx_word' id='word_1_362' title='bbox 1777 5271 1926 5362; x_wconf 88' lang='lat' dir='ltr'><strong>antiquo</strong></span> 
     </span>
     <span class='ocr_line' id='line_1_40' title="bbox 389 5361 1924 5468; baseline 0.01 -32"><span class='ocrx_word' id='word_1_363' title='bbox 389 5361 467 5440; x_wconf 74' lang='lat' dir='ltr'><strong>vitta</strong></span> <span class='ocrx_word' id='word_1_364' title='bbox 487 5369 532 5444; x_wconf 88' lang='lat' dir='ltr'><strong>de</strong></span> <span class='ocrx_word' id='word_1_365' title='bbox 554 5375 631 5446; x_wconf 89' lang='lat' dir='ltr'><strong>iure</strong></span> <span class='ocrx_word' id='word_1_366' title='bbox 653 5372 818 5448; x_wconf 87' lang='lat' dir='ltr'><strong>Polonlco</strong></span> <span class='ocrx_word' id='word_1_367' title='bbox 853 5376 892 5446; x_wconf 88' lang='lat' dir='ltr'><strong>in</strong></span> <span class='ocrx_word' id='word_1_368' title='bbox 913 5375 971 5447; x_wconf 88' lang='lat' dir='ltr'><strong>ius</strong></span> <span class='ocrx_word' id='word_1_369' title='bbox 994 5374 1260 5448; x_wconf 84' lang='lat' dir='ltr'><strong>&#39;lheutunicum</strong></span> <span class='ocrx_word' id='word_1_370' title='bbox 1294 5373 1539 5461; x_wconf 76' lang='lat' dir='ltr'><strong>transferetur,</strong></span> <span class='ocrx_word' id='word_1_371' title='bbox 1572 5379 1610 5448; x_wconf 90' lang='lat' dir='ltr'><strong>in</strong></span> <span class='ocrx_word' id='word_1_372' title='bbox 1645 5395 1716 5468; x_wconf 91' lang='lat' dir='ltr'><strong>quo</strong></span> <span class='ocrx_word' id='word_1_373' title='bbox 1748 5380 1924 5452; x_wconf 85' lang='lat' dir='ltr'><strong>territorio</strong></span> 
     </span>
    </p>
   </div>
   <div class='ocr_carea' id='block_1_14' title="bbox 109 5459 2058 5601">
    <p class='ocr_par' dir='ltr' id='par_1_14' title="bbox 109 5459 2058 5601">
     <span class='ocr_line' id='line_1_41' title="bbox 109 5459 2058 5601; baseline 0.012 -60"><span class='ocrx_word' id='word_1_374' title='bbox 109 5459 119 5474; x_wconf 89' lang='lat'>&#39;</span> <span class='ocrx_word' id='word_1_375' title='bbox 166 5506 172 5518; x_wconf 95' lang='lat'><em>·</em></span> <span class='ocrx_word' id='word_1_376' title='bbox 310 5471 313 5476; x_wconf 77' lang='grc'><strong><em>’</em></strong></span> <span class='ocrx_word' id='word_1_377' title='bbox 389 5465 453 5546; x_wconf 61' lang='lat' dir='ltr'><strong>dia</strong></span> <span class='ocrx_word' id='word_1_378' title='bbox 483 5477 601 5570; x_wconf 71' lang='lat' dir='ltr'><strong>tuerit,</strong></span> <span class='ocrx_word' id='word_1_379' title='bbox 633 5481 729 5555; x_wconf 89' lang='lat' dir='ltr'><strong>illius</strong></span> <span class='ocrx_word' id='word_1_380' title='bbox 763 5481 832 5558; x_wconf 83' lang='lat' dir='ltr'><strong>loci</strong></span> <span class='ocrx_word' id='word_1_381' title='bbox 863 5485 941 5560; x_wconf 79' lang='lat' dir='ltr'><strong>iore</strong></span> <span class='ocrx_word' id='word_1_382' title='bbox 974 5481 1124 5569; x_wconf 79' lang='lat' dir='ltr'><strong>meter,</strong></span> <span class='ocrx_word' id='word_1_383' title='bbox 1162 5483 1300 5558; x_wconf 87' lang='lat' dir='ltr'><strong>scillcet</strong></span> <span class='ocrx_word' id='word_1_384' title='bbox 1332 5481 1429 5584; x_wconf 83' lang='lat' dir='ltr'><strong>quod</strong></span> <span class='ocrx_word' id='word_1_385' title='bbox 1459 5503 1524 5582; x_wconf 88' lang='lat' dir='ltr'><strong>pro</strong></span> <span class='ocrx_word' id='word_1_386' title='bbox 1553 5483 1698 5601; x_wconf 68' lang='lat' dir='ltr'><strong>‘decima</strong></span> <span class='ocrx_word' id='word_1_387' title='bbox 1732 5489 1925 5580; x_wconf 88' lang='lat' dir='ltr'><strong>campestri</strong></span> <span class='ocrx_word' id='word_1_388' title='bbox 2057 5561 2058 5564; x_wconf 13' lang='lat' dir='ltr'><strong>i</strong></span> 
     </span>
    </p>
   </div>
   <div class='ocr_carea' id='block_1_15' title="bbox 1706 5609 1760 5678">
    <p class='ocr_par' dir='ltr' id='par_1_15' title="bbox 1706 5609 1760 5678">
     <span class='ocr_line' id='line_1_42' title="bbox 1706 5609 1760 5678; baseline 0 0"><span class='ocrx_word' id='word_1_389' title='bbox 1706 5609 1760 5678; x_wconf 62' lang='grc' dir='ltr'><strong>ΒΦ</strong></span> 
     </span>
    </p>
   </div>
   <div class='ocr_carea' id='block_1_16' title="bbox 0 0 2365 6356">
    <p class='ocr_par' dir='ltr' id='par_1_16' title="bbox 0 0 2365 6356">
     <span class='ocr_line' id='line_1_43' title="bbox 0 0 2365 6356; baseline 0 0"><span class='ocrx_word' id='word_1_390' title='bbox 0 0 2365 6356; x_wconf 95' lang='lat' dir='ltr'><strong> </strong></span> 
     </span>
    </p>
   </div>
  </div>
 </body>
</html>
