4720 6360
20 1221 190 1310 ecipiendi
213 1249 241 1308 et

20 1345 54 1394 m
69 1329 241 1411 ordinario

20 1437 123 1520 stuta,
157 1448 240 1520 ordi.

20 1561 38 1622 a,
67 1563 137 1631 que
161 1549 240 1628 dicti

20 1667 48 1718 rc
71 1659 242 1734 contraria
348 1657 351 1662 ’

20 1759 81 1826 ctis
105 1767 141 1831 et
166 1785 241 1859 apa.

20 1865 78 1934 titis
101 1869 240 1958 vallata,

20 2025 28 2054 ,
52 1975 239 2066 anuhandi,

37 2081 239 2160 iuramentis

20 2193 121 2277 idries
145 2195 238 2284 lpstts

20 2304 238 2385 empromisso

20 2401 90 2473 'usis
112 2409 236 2496 prelati

20 2511 138 2582 nisibi
161 2515 244 2588 fieri

20 2619 37 2686 tt
64 2620 235 2712 quodquat

39 2724 235 2812 indiccione,

20 2849 54 2900 is:
83 2835 235 2924 preclaro

20 2941 46 3008 et
66 2941 235 3013 nobilibus

20 3049 92 3118 »nico
117 3047 235 3120 Cracc-

20 3157 127 3227 ierario
158 3156 236 3230 cn·
273 3229 274 3232 ,

20 3263 75 3332 usa
95 3266 234 3355 rogatis.

20 3371 103 3454 cesis,
125 3371 234 3463 publi·

20 3477 233 3568 pprobacicni,

20 3581 89 3656 ibus
110 3592 144 3657 et
166 3589 233 3657 sin·

20 3709 27 3758 ι
50 3691 169 3764 tierent
199 3701 229 3762 et

20 3803 84 3871 eric
97 3801 231 3896 publice

20 3903 43 3974 ii
62 3913 95 3978 et
115 3907 230 3980 audiui

20 4013 92 4086 cde
113 4019 230 4088 mutuo

20 4119 124 4194 edicto
151 4123 228 4212 atijs

20 4245 84 4300 nam
105 4229 228 4318 redegi.
279 4251 282 4258 ·

20 4339 227 4409 mmmm

20 4459 31 4512 t
54 4443 92 4516 ds
113 4447 227 4515 bledla

20 4551 127 4636 unus,
154 4569 227 4644 prc-

20 4661 38 4726 t
56 4659 225 4750 potestatis

20 4767 39 4834 t
57 4767 224 4858 prefertur.

20 4867 112 4944 ianne
133 4885 225 4944 nota·

20 4981 98 5053 utet
123 4973 222 5052 simrrl

1901 465 1974 567 eta

594 677 753 760 'landem
783 704 850 760 nos
877 684 1097 760 wladislaus
1112 705 1199 772 rer,
1229 685 1397 760 Nicotaus
1429 683 1729 780 archiepiscopus,
1758 683 1909 761 Iacobus
1940 687 1977 756 et

446 807 599 886 tibertus
628 795 785 888 episcopi
809 795 987 886 ceterique
1017 795 1302 890 supranominati
1332 796 1466 880 arbitri,
1498 795 1737 878 arbitratores,
1769 792 1976 866 amicabiles

445 905 687 1004 compositores
711 922 753 976 ac
777 901 992 976 dillinitcres
1017 902 1232 988 huiusmodi,
1263 909 1405 996 recepte
1431 905 1688 996 compromisso
1712 901 1758 974 ad
1781 904 1976 974 instantem

446 1017 644 1122 peticionem
670 1015 836 1106 parcium
860 1011 1100 1103 predictarum
1124 1013 1245 1102 vigore
1269 1017 1305 1084 et
1328 1012 1539 1083 auctoritate
1563 1009 1725 1082 eiusdem
1749 1029 1791 1080 ac
1815 1029 1857 1080 ex
1881 1012 1977 1100 pote

444 1133 528 1206 state
556 1117 656 1194 nobis
680 1122 718 1190 in
741 1139 783 1192 cc
807 1120 949 1206 tradita,
973 1120 1184 1211 simpliciter
1206 1123 1242 1192 et
1266 1118 1310 1190 dc
1333 1121 1440 1212 piano
1464 1141 1507 1192 ac
1534 1121 1611 1192 sinc
1635 1121 1788 1212 strepitu
1807 1117 1977 1206 etiigura

448 1231 558 1322 iudiclj
583 1229 676 1320 inter
697 1233 818 1320 partes
843 1225 987 1300 easdem
1011 1225 1254 1320 procedentes,
1279 1229 1367 1298 uisis
1392 1247 1434 1300 ac
1450 1231 1636 1300 recensitis
1653 1227 1842 1316 diiigenter
1865 1227 1977 1297 omni·

447 1350 506 1418 bus
528 1343 563 1410 et
584 1334 737 1425 singulis
752 1335 963 1428 priuilegijs,
986 1333 1110 1420 literis,
1134 1337 1394 1420 instrumentis,
1418 1338 1574 1420 statutis,
1599 1337 1689 1407 actis
1714 1339 1750 1406 et
1773 1333 1910 1405 iuribus
1934 1353 1977 1404 ac

447 1445 665 1527 munimentis
690 1443 771 1534 aiijs
795 1463 858 1536 per
880 1449 1000 1535 partes
1024 1445 1122 1534 ipsas
1145 1441 1313 1516 hincinde
1335 1443 1520 1534 productis
1544 1447 1580 1514 et
1603 1441 1733 1532 quibus
1748 1462 1787 1512 se
1803 1441 1996 1513 innabant·

447 1563 644 1642 maturaque
673 1549 931 1622 deliberacione
954 1555 991 1621 et
1013 1552 1151 1650 sincero
1175 1571 1283 1642 super
1306 1553 1358 1622 eis
1382 1555 1419 1622 et
1442 1550 1524 1642 aiiJs
1546 1552 1714 1640 utrinque
1737 1569 1857 1622 coram
1873 1549 1977 1622 nobis

445 1661 623 1762 propositis
646 1665 682 1730 et
705 1661 878 1752 oppositis
902 1678 945 1730 ac
968 1661 1161 1751 responsis,
1185 1659 1332 1730 consitio
1356 1661 1511 1730 invicem
1532 1657 1718 1750 prehabito
1735 1663 1870 1729 etcum
1895 1657 1976 1748 alijs

363 1845 366 1852 ,
445 1769 706 1858 communicato,
731 1767 777 1838 ad
800 1770 960 1840 nostram
983 1769 1205 1838 sentenciam
1229 1765 1464 1850 arbitrariam,
1488 1765 1650 1858 partibus
1675 1763 1810 1837 eisdem
1826 1767 1975 1848 uocatis,

446 1874 619 1956 terendam
641 1877 908 1968 processimus,
924 1876 1113 1967 ipsamque
1136 1876 1357 1946 sentenciam
1381 1871 1438 1945 die
1463 1877 1499 1945 et
1520 1873 1598 1945 ioco
1622 1872 1772 1944 inferius
1797 1874 1977 1944 annotatis

445 1990 541 2064 dictis
562 1981 706 2056 Nicotao
730 1984 910 2075 preposita
940 2001 1003 2074 pro
1036 2000 1115 2065 sua,
1145 2001 1284 2054 necnon
1314 1979 1470 2053 Iohanne
1494 1982 1640 2066 decano,
1678 1980 1804 2053 Iacobo
1829 1978 1977 2052 custode

428 2093 578 2176 nicolao
613 2089 916 2174 vicecancellario,
946 2089 1133 2174 Btisborio,
1162 2087 1316 2172 Albrico,
1347 2089 1514 2174 Lorccne,
1546 2089 1691 2162 Nicciac
1727 2087 1977 2172 Strresrconis,

446 2201 579 2280 Nicolac
607 2198 781 2290 Brcnissij
808 2201 845 2270 et
866 2197 1069 2288 Daczbagic
1093 2199 1274 2270 canonicis
1297 2217 1361 2290 pro
1384 2217 1452 2270 sua
1476 2202 1513 2268 et
1535 2196 1621 2270 dicti
1655 2197 1804 2291 capituli
1827 2195 1978 2269 ecclesie

446 2308 652 2387 Gnennensis
675 2305 838 2398 partibus
862 2305 1151 2398 comparentibus
1181 2312 1218 2376 et
1240 2304 1325 2377 lerri
1349 2325 1433 2378 cunr
1455 2307 1634 2378 instancia
1657 2304 1873 2398 petentibus,
1906 2322 1978 2377 nan

444 2421 598 2492 obstante
638 2412 850 2486 infirmitate
878 2415 915 2485 et
937 2413 1107 2484 absencia
1134 2413 1219 2484 dicti
1253 2411 1389 2485 domini
1409 2411 1578 2486 iohannis
1608 2415 1767 2506 episcopi
1789 2411 1978 2484 Wiadisla·

446 2527 580 2607 densis,
608 2523 722 2594 nostri
736 2522 1051 2615 compromissarii
1075 2521 1272 2614 inscriptis
1291 2521 1440 2592 tulimus
1457 2523 1493 2592 et
1507 2541 1572 2614 per
1586 2520 1772 2593 dominum
1789 2518 1977 2592 Albesium

446 2636 642 2728 episcopum
664 2627 944 2702 Ponneniensem
966 2625 1168 2722 predictum
1192 2627 1409 2700 coarbitrum
1431 2632 1511 2702 vice
1533 2633 1697 2701 nostrum
1721 2630 1882 2700 omnium
1905 2628 1978 2719 legi

448 2749 480 2814 et
499 2737 723 2834 pronunciari
745 2736 850 2809 nobis
872 2737 1100 2830 presentibus
1123 2737 1303 2808 voluimus
1327 2741 1364 2807 et
1386 2735 1551 2822 lecimus,
1582 2739 1752 2822 tenorem,
1776 2739 1838 2826 qui
1862 2739 1977 2826 sequi·
2021 2801 2024 2806 .

446 2857 507 2932 tor,
529 2846 786 2919 confinentem:
1047 2867 1049 2872 ¹
1197 2833 1200 2840 ’
1376 2893 1379 2900 ,
1472 2917 1476 2926 ,
1604 2867 1609 2876 ·
1725 2923 1731 2933 ,

594 2953 635 3025 In
656 2954 802 3026 nomine
823 2951 970 3024 Domini
993 2971 1109 3024 amen.
1155 2951 1234 3024 Etsi
1263 2953 1408 3025 iusticia
1435 2954 1484 3024 sit
1506 2955 1606 3045 pacis
1631 2953 1759 3035 amica,
1789 2950 1980 3025 concordia

422 3053 557 3136 ’temen
604 3080 763 3134 amorem
802 3061 938 3132 nutnre
971 3079 1045 3132 non
1078 3065 1261 3150 negatur.¹
1300 3059 1377 3148 Quo
1412 3063 1549 3133 attento
1581 3059 1808 3132 honorabiles
1841 3057 1978 3132 domini

446 3168 556 3242 dilecti
586 3168 690 3241 nobis
721 3167 890 3240 Nicolsus
914 3171 1117 3260 prepositus
1147 3187 1190 3240 er
1212 3188 1295 3254 ima
1329 3189 1375 3242 ac
1408 3167 1584 3248 Iohannes
1618 3167 1774 3240 Hancael
1808 3166 1977 3252 decanus,

447 3275 583 3348 lacobus
616 3275 749 3349 Paluca
782 3281 915 3361 custos,
953 3275 1124 3349 Nicotaus
1158 3275 1409 3360 Strzesrconis,
1446 3273 1646 3348 Dohesiaus
1688 3274 1734 3348 de
1771 3277 1977 3360 (tambaco,

448 3383 602 3456 Nicotaus
632 3381 947 3456 vicecancellarius
980 3387 1084 3474 regni
1114 3382 1268 3470 Polanie,
1301 3383 1470 3456 Nicotaus
1499 3381 1544 3454 de
1568 3385 1698 3466 seruo,
1733 3383 1902 3468 hibertus
1933 3381 1979 3455 de

447 3493 593 3576 roano,
623 3490 821 3564 Btisborlus
853 3489 899 3563 de
922 3493 1145 3580 Qootheowo,
1177 3491 1287 3565 Lcrcc
1310 3489 1355 3564 de
1380 3493 1513 3576 Vneorc,
1544 3490 1713 3564 Nicolaus
1743 3491 1917 3582 Bronissij
1943 3495 2002 3562 et‘

448 3596 660 3690 Decabogius
690 3601 852 3672 canonici
881 3599 1108 3692 capitulares,
1141 3599 1340 3692 capitulum
1360 3601 1446 3678 ,um
1476 3598 1653 3690 generale,
1683 3619 1793 3690 quarn
1823 3599 1980 3691 speciale

448 3705 586 3779 emissio
600 3706 820 3782 (theanensis
835 3711 1135 3800 representantes,
1159 3728 1202 3778 ex
1217 3707 1331 3780 altera
1344 3705 1518 3801 partibus,
1538 3706 1821 3797 grauaminibus
1844 3707 1981 3794 litibus,

448 3817 611 3904 expensis,
641 3814 824 3888 laboribus
853 3819 891 3887 et
911 3814 1047 3904 leugis,
1079 3813 1316 3886 incommodis
1339 3812 1510 3887 hincinde
1533 3813 1657 3886 multis
1690 3817 1794 3887 annis
1818 3805 1993 3904 quassati·

448 3935 548 4012 mper
577 3923 743 3996 villanam
775 3943 819 3995 ac
853 3927 942 4014 aput
974 3924 1092 4016 ipsam
1122 3927 1160 3994 et
1181 3925 1298 3996 sancti
1326 3921 1514 4014 Murencij
1551 3921 1721 3994 ecclesias
1754 3921 1981 3996 (ineanenses

449 4029 725 4116 consistencium,
753 4029 952 4115 domorum,
983 4031 1175 4114 curiarum,
1206 4049 1371 4102 arearum
1401 4035 1437 4102 et
1460 4033 1619 4102 artcmm
1642 4033 1680 4102 et
1702 4029 1791 4102 alias
1814 4047 1981 4122 quorum·

449 4148 592 4226 cumque
623 4138 840 4230 ubicumque
870 4140 1020 4210 sitomm
1054 4137 1202 4230 capituli
1231 4135 1383 4230 predicti
1414 4136 1679 4222 distribucione,
1711 4138 1908 4212 dormiana
1942 4141 1981 4209 ct

450 4241 611 4330 rqimhm
637 4249 675 4318 et
694 4244 976 4319 obuencionibus
1007 4259 1201 4336 earumque
1231 4246 1418 4322 occasione
1450 4245 1784 4336 inquietecionibus,
1816 4239 1981 4318 molesta·

451 4346 612 4437 sionibus,
634 4355 840 4446 inimiciciis
856 4359 900 4425 -et
923 4353 1177 4446 displicencijs,
1206 4352 1353 4425 tandem
1376 4351 1564 4425 tendentes
1588 4351 1635 4426 ad
1657 4355 1816 4445 quietem
1839 4371 1981 4448 pacem·

449 4468 522 4540 que,
539 4453 677 4552 'sponte
708 4464 747 4534 et
778 4461 889 4534 libere
920 4481 961 4532 sc
990 4463 1123 4534 arcebis
1153 4460 1402 4545 decretaclcni,
1424 4461 1760 4554 ,pronuncciscioni
1794 4458 1979 4558 decisioni,

450 4556 678 4654 disposicioni,
700 4569 865 4652 statutis,
895 4572 1033 4642 statum
1055 4569 1206 4640 ecclesie
1229 4575 1266 4642 et
1288 4587 1523 4662 personarum
1553 4567 1818 4658 quomodolibet
1840 4587 1982 4643 concer-

452 4671 616 4760 nouum,
640 4675 829 4749 donaciani
845 4678 959 4750 eciam
982 4676 1220 4748 immobilium
1244 4675 1392 4770 capituli
1415 4681 1452 4747 ct
1475 4677 1604 4767 cuique
1628 4675 1773 4748 arbitrio
1795 4673 1864 4749 sub
1887 4698 1982 4770 pene

452 4767 591 4856 ditemur
619 4785 759 4856 mitium
783 4803 985 4856 marcarum
1014 4782 1281 4869 Polcnicatium,
1311 4803 1421 4875 quam
1450 4785 1664 4876 prepositus,
1696 4784 1894 4878 capitatum
1923 4785 1982 4858 uei
2112 4817 2114 4824 >

451 4878 639 4973 tlttsstrlares
672 4911 824 4984 persone
856 4891 1004 4984 capturli
1038 4911 1111 4964 non
1133 4880 1321 4965 seruantes
1351 4890 1411 4964 uei
1442 4893 1753 4964 contrauenientas
1783 4894 1862 4984 ipso
1885 4893 1982 4966 iacto

385 5015 388 5022 ⁴
453 4981 598 5069 lectdent
620 5004 657 5071 et
678 4999 776 5072 luere
814 5003 1003 5073 teneantur
1038 5003 1187 5085 tactem,
1221 4999 1393 5092 quociens
1426 4998 1537 5070 inerit
1571 5003 1857 5084 conuauantnm,
1889 5001 1983 5072 inter
2095 5045 2096 5048 κ

453 5105 512 5166 Μ·
546 5121 666 5195 regem
704 5105 848 5180 Paionia
879 5111 1083 5200 presentem
1119 5109 1179 5180 uel
1208 5109 1272 5199 qui
1293 5126 1357 5201 pro
1390 5111 1550 5198 tempore
1576 5106 1697 5190 luant,
1733 5127 1774 5180 ac
1807 5107 1983 5180 lubricam

453 5203 833 5298 “saresberiensis
864 5219 1023 5308 protacta
1053 5215 1227 5306 equaliter
1256 5213 1500 5299 diuidendum,
1531 5233 1571 5285 se
1602 5211 1813 5287 submittere
1842 5221 1983 5288 mature

454 5301 625 5393 himma
656 5325 882 5407 ouranenrnt,
917 5325 1170 5396 renunciantes
1201 5325 1300 5395 omni
1317 5323 1398 5422 uiuit
1436 5320 1654 5414 appellandi,
1687 5321 1901 5415 excipiendi¹
1924 5323 1983 5395 uei

454 5419 666 5524 ”spirandi
690 5448 732 5502 ac
756 5427 817 5522 alii
851 5432 1064 5522 cuicumque
1094 5431 1434 5542 tnuomlnum,„qnc
1464 5431 1624 5532 possam
1637 5433 1761 5520 conus
1784 5429 1984 5538 iniracun-
