4722 6360
1901 559 1948 629 93

408 759 465 836 tut
498 755 554 830 tet
587 755 695 830 stota
729 744 866 830 t'niti
899 757 962 844 itt
995 756 1007 828 1
1042 743 1180 830 asotia.
1222 735 1457 828 'etstat'eit
1487 755 1694 828 Natiuitatis
1722 752 1949 827 hlotarius
1978 807 1979 810 κ

407 865 574 958 baptiste.
620 863 761 937 Relatio
785 863 923 936 Alberti
946 865 1104 957 episcopi
1127 861 1389 936 Poznanierisis.

565 1057 660 1134 Kopir
670 1077 693 1132 ,a
710 1059 769 1118 XV
788 1058 880 1117 wiakn
899 1059 980 1117 hilku
994 1057 1192 1118 dokumeutdtr
1206 1057 1349 1117 blneatoru
1364 1057 1578 1134 paradpskiago,
1596 1057 1795 1134 praechones
1809 1056 1949 1114 1111111Ιί1-

406 1161 464 1212 leae
482 1147 526 1210 hr.
544 1147 743 1224 Rroayriskioh
762 1167 789 1206 er
807 1149 953 1208 Poaoaniu
972 1149 1062 1226 (Dipl.
1081 1150 1115 1206 F.
1137 1151 1189 1222 14).

378 1537 462 1620 ”’18.
511 1549 608 1618 1106.
633 1545 768 1619 (11115.
793 1547 928 1639 mensis
951 1546 1053 1631 lunii,
1077 1549 1115 1618 in
1138 1549 1306 1619 Ketaion.

570 1741 731 1816 ludieum
768 1743 990 1835 quorundam
1026 1742 1219 1828 decretum,
1254 1747 1348 1816 inter
1371 1743 1610 1846 lllladislaum
1632 1743 1672 1814 ll.
1703 1761 1825 1834 regem
1854 1743 1951 1814 Polo·

347 1917 351 1924 ,
410 1853 490 1926 niae
513 1855 551 1924 et
572 1850 745 1924 Siiridum
768 1849 926 1924 lietwiea
949 1851 994 1924 de
1016 1851 1111 1924 villis
1135 1853 1293 1941 Krayelio
1316 1851 1418 1924 litem
1442 1850 1622 1923 dirimens.

570 2047 643 2120 Nos
673 2047 841 2121 Nieolaus
875 2048 979 2121 heres
1013 2051 1053 2121 in
1087 2049 1307 2134 Ozorncowo,
1343 2046 1450 2121 iudex
1480 2047 1731 2119 Poananiensls
1762 2047 1951 2138 generalis,

410 2155 658 2248 significamus
679 2158 906 2250 presentibus
929 2159 1119 2241 uniuersis
1144 2149 1275 2247 quibus
1299 2153 1453 2248 expedit,
1477 2153 1573 2246 quod
1596 2154 1664 2227 sub
1688 2174 1781 2227 anno
1805 2153 1952 2226 Domini

411 2265 588 2338 milesimo
612 2263 935 2355 quadrieentesimo
959 2265 1123 2356 septimo,
1148 2264 1238 2335 ieris
1261 2267 1363 2334 sexta
1385 2266 1548 2354 proxima
1571 2267 1654 2336 ante
1671 2262 1806 2334 iestum
1834 2265 1953 2334 saneti

409 2371 576 2446 Iohannis
599 2371 765 2464 baptiste,
790 2390 873 2444 eum
895 2373 934 2443 in
957 2371 1062 2444 domo
1085 2371 1225 2464 prouidi
1247 2369 1395 2444 iaroslai
1417 2371 1573 2442 herman
1597 2373 1687 2442 einis
1711 2371 1749 2442 in
1784 2369 1951 2455 Ooseaou,

410 2477 544 2553 ibidem
575 2477 719 2552 domino
749 2483 870 2552 nostro
902 2478 1100 2552 lliladislao
1135 2498 1222 2570 rege
1257 2478 1403 2551 Polonie
1440 2481 1623 2564 existente,
1660 2497 1744 2550 eum
1780 2480 1953 2549 strennuo

411 2587 534 2673 milite,
558 2585 702 2660 domino
735 2586 810 2660 lost
831 2585 877 2659 do
910 2588 1148 2673 Stoebodet'oe,
1182 2607 1225 2659 ao
1251 2586 1432 2659 nobilibus
1454 2587 1552 2671 viris,
1588 2583 1743 2657 dominis
1776 2585 1954 2660 Nicaeona

411 2695 527 2767 Wnru
544 2693 737 2786 Vyestslry,
759 2694 938 2768 Petrassio
954 2693 1227 2784 Wrbanowslry,
1250 2693 1377 2766 Ieeobo
1393 2691 1693 2788 Kotthotjieeaslry
1716 2697 1753 2764 et
1773 2692 1954 2764 Petrassio

411 2801 634 2894 (iy'rneeasky
655 2800 858 2888 heredibus,
889 2823 932 2874 ae
955 2803 1039 2896 aliis
1062 2801 1334 2895 quampluribus
1356 2800 1552 2892 iidadignis
1575 2799 1802 2886 sedebamus,
1832 2800 1954 2891 ibique

409 2912 558 2982 veniens
589 2909 719 2982 nobilis
752 2907 928 2983 Iohannes
959 2909 1192 3002 Caprnprtslry
1220 2909 1436 3000 burgrabius
1467 2908 1746 2994 Wsohowensls,
1776 2909 1954 2980 nuneoius

411 3016 547 3090 domini
574 3020 687 3091 nostri
719 3019 816 3108 regis
848 3016 1010 3111 predicti,
1040 3017 1143 3089 nobis
1175 3015 1318 3088 literam
1351 3019 1535 3110 papiream
1568 3020 1730 3117 opertam
1764 3036 1786 3087 a
1820 3013 1954 3088 iudlelo

410 3123 523 3216 ragau
541 3123 755 3214 Ι0111111111
782 3125 850 3220 sub
880 3126 998 3217 sigillo
1028 3127 1189 3198 oitatorio
1223 3127 1446 3218 presentauit
1476 3121 1684 3196 huiusmodi
1713 3123 1782 3196 sub
1812 3127 1954 3196 tenore:

574 3231 763 3320 ,Albertus
791 3232 860 3305 Dei
892 3235 1015 3324 311111
1047 3235 1237 3326 episeopus
1270 3231 1535 3316 Poananlensis,
1572 3229 1722 3304 laeobus
1758 3231 1954 3324 pallatlnus

412 3337 649 3431 Syredlensis,
672 3339 830 3412 'lhomeo
853 3339 1094 3433 subpinoama
1116 3339 1365 3412 Craoouiensis
1396 3344 1433 3412 et
1456 3341 1665 3432 capitaneus
1688 3338 1833 3412 Maioris
1857 3337 1955 3412 Polo·

411 3449 471 3520 nle
508 3447 695 3539 generalis,
736 3447 921 3520 Iantrssius
961 3447 1191 3534 Gneanensls,
1230 3447 1415 3520 Ianussius
1453 3445 1612 3518 Funnan
1648 3445 1954 3530 Madnhaeeensis,

414 3553 582 3628 Nicolaus
618 3553 897 3642 Seuthooiensis,
933 3554 1076 3652 larotha
1112 3555 1373 3628 Radzimiensis
1406 3555 1601 3639 castellani,
1635 3553 1805 3628 Nieolaus
1841 3551 1956 3625 Lube-

412 3659 580 3754 thowslry
602 3659 743 3756 daplier
757 3661 975 3748 Callslensls,
997 3659 1102 3735 ‘liene
1125 3663 1195 3735 Ber
1218 3663 1308 3735 alias
1331 3662 1377 3735 de
1400 3663 1615 3752 operantes
1638 3666 1674 3733 et
1693 3659 1858 3734 Mroealro
1873 3661 1955 3752 sub·

333 3840 357 3848 ,,
410 3767 519 3846 iudex
541 3769 793 3844 Poaneniensis
816 3771 1004 3862 generalis,
1029 3769 1140 3844 nobili
1162 3773 1249 3856 rire,
1274 3771 1419 3843 domino
1441 3769 1587 3843 Nloolao
1604 3769 1728 3842 heredi
1751 3767 1796 3841 da
1820 3769 1957 3841 Ozom-

412 3897 514 3962 eoroo,
547 3896 687 3950 neonon
708 3877 819 3950 ludici
848 3877 1082 3952 Poananiensi
1105 3877 1273 3969 generali,
1304 3880 1506 3952 amloiclam
1528 3880 1781 3970 prasinoeram.
1827 3877 1956 3950 Amiee

413 3981 556 4057 dileetel
601 3983 793 4070 Noueritis,
824 3985 918 4078 quod
943 4006 1037 4058 11111
1065 3985 1210 4058 Domini
1240 3987 1430 4058 millesimo
1463 3985 1813 4077 quadrineentesimo
1844 3990 1956 4070 sexto,

412 4089 504 4164 laria
540 4097 642 4166 sexte
670 4095 709 4166 in
750 4097 906 4166 erastino
942 4093 1038 4166 beati
1075 4093 1244 4167 Iohannis
1278 4094 1445 4186 baptiste,
1481 4113 1566 4166 cum
1599 4095 1638 4164 in
1671 4090 1804 4164 iudicio
1842 4093 1957 4184 regali

342 4287 344 4290 ,
412 4195 585 4285 Masi,
607 4201 647 4272 ln
668 4203 855 4294 presenela
878 4199 1014 4291 dpmini
1035 4203 1149 4273 nostrl
1171 4205 1267 4292 regis
1290 4203 1445 4292 gratiosi
1468 4199 1737 4294 cumpluribus
1760 4199 1957 4291 iidedignis
1998 4209 2000 4214 ·
2042 4207 2053 4219 ··
2170 4207 2209 4216 ·-
2322 4207 2326 4214 .

402 4303 449 4378 'et
471 4307 586 4380 aelam
607 4307 797 4381 nobiseum
818 4307 1102 4401 possidebamus,
1132 4311 1343 4382 euasionem
1371 4307 1501 4380 nobilis
1531 4307 1688 4400 Zyirydy
1710 4305 1895 4381 Kothwioz
1918 4310 1958 4380 in
2031 4367 2033 4372 .

412 4411 544 4487 librum
572 4419 778 4487 terrestrem
813 4414 966 4488 iacimus
1000 4416 1159 4502 inscribi,
1192 4420 1295 4489 euius
1327 4421 1430 4488 tenor
1462 4419 1517 4487 est
1545 4416 1647 4488 talis:
1693 4416 1783 4488 Item
1806 4419 1957 4488 veniens

412 4517 531 4622 Prelio
554 4521 792 4614 Gogolerrskp
814 4523 1101 4596 subcamerarius
1124 4522 1388 4609 Poananiensis,
1413 4543 1533 4596 eoram
1564 4521 1696 4596 iudiolo
1711 4525 1980 4614 recongnouit,-

413 4627 511 4720 quod
540 4627 705 4722 Zpiridus
734 4629 933 4703 Kotthwioa
965 4630 1010 4703 da
1040 4633 1236 4720 Krepazalto
1265 4634 1400 4704 iurauit
1430 4651 1515 4720 erga
1544 4633 1816 4704 serenissimum
1838 4628 1957 4722 ,domi-

412 4755 502 4810 num
524 4741 689 4812 nostrum
711 4757 835 4828 regem
857 4759 921 4832 pro
945 4759 997 4824 ao,
1022 4739 1134 4811 veluti
1158 4738 1324 4811 dominus
1348 4743 1470 4811 noster
1491 4758 1553 4810 rex
1576 4759 1686 4832 super
1707 4740 1828 4832 ipsum
1844 4740 1958 4811 aoeie-

293 4921 295 4926 .
413 4861 498 4916 nent
519 4843 616 4931 iecit,
647 4844 742 4937 quod
772 4845 956 4918 debuisset
985 4846 1055 4921 sibi
1084 4847 1240 4918 seribere
1269 4847 1411 4918 literam
1440 4845 1571 4917 falsam
1601 4866 1711 4938 super
1739 4844 1958 4920 hereditates

412 4953 604 5044 virumque
627 4953 848 5042 0111111111)
883 4959 920 5026 (11
952 4975 1016 5048 pro
1040 4955 1100 5026 illo
1136 4957 1256 5047 ipsum
1286 4952 1472 5045 Zpiridum
1500 4972 1588 5042 erga
1618 4952 1804 5026 dominum
1833 4971 1959 5044 regern

413 5059 551 5132 litabam
573 5059 725 5132 iacimus
748 5065 786 5134 et
808 5065 865 5134 est
892 5067 1125 5135 eonsematus
1156 5068 1193 5135 et
1222 5061 1404 5147 dimissus
1436 5064 1541 5154 prout
1570 5061 1772 5134 iudicantes
1800 5060 1959 5134 deereul·

415 5185 497 5240 mus
521 5169 616 5240 eirea
637 5165 856 5242 herodiiates
885 5168 1042 5256 easdem,
1076 5189 1185 5263 super
1208 5191 1298 5262 quas
1321 5168 1538 5241 hereditates
1561 5167 1730 5242 dominus
1753 5172 1876 5241 noster
1897 5189 1960 5241 rex

413 5276 598 5364 gratiosus
621 5275 692 5348 sibl
714 5277 856 5349 literam
879 5276 964 5349 dore
988 5277 1094 5350 debet
1117 5297 1250 5360 nouom
1274 5275 1563 5350 confirmationis
1586 5275 1787 5367 secundum
1812 5279 1960 5350 eonsue-

414 5379 577 5456 tudinem
599 5387 637 5456 et
658 5387 797 5457 statuta
818 5389 912 5458 terre
935 5383 1213 5471 Wsohowensis,
1237 5389 1343 5478 prout
1366 5385 1448 5478 aliis
1471 5386 1661 5474 terrigenis
1685 5384 1730 5457 de
1745 5387 1870 5476 gracia
1891 5403 1960 5457 mia

415 5485 500 5563 dare
523 5493 720 5564 consueuit.
767 5491 883 5586 Super
905 5495 1027 5566 omnia
1056 5492 1200 5566 domino
1232 5497 1353 5566 nostro
1384 5494 1462 5584 regi
1493 5495 1532 5565 in
1562 5491 1669 5567 dietis
1698 5491 1959 5566 hereditatibus
