4448 6210
469 640 642 733 sepedictl
677 639 859 714 alodarius
894 646 930 714 (1
952 639 1165 717 kmethenes
1199 664 1263 738 pro
1298 644 1464 717 emnlbus
1496 643 1630 735 iatigls,
1665 644 1840 737 expensis,
1870 645 1941 738 vlla
1970 656 2005 725 (1

468 750 670 834 frumentis,
693 769 759 843 per
780 752 878 841 ipsos
902 772 925 823 a
946 753 1104 844 quinque
1127 756 1231 825 annis
1255 755 1430 846 perceptis
1454 756 1491 825 et
1505 753 1689 846 persessls,
1712 750 1846 837 litibus,
1870 758 2004 832 ((1111.

467 861 600 951 uersijs
623 877 762 931 necnon
785 856 951 952 dampnis
974 859 1090 932 eidem
1115 859 1426 933 domino·Nlcolao
1450 869 1487 932 et
1509 861 1657 933 ecclesie
1681 880 1746 932 sue
1769 858 1893 932 decern
1916 881 2004 939 mar·

470 988 532 1038 cas
555 967 695 1040 soluere
717 970 884 1039 tenentur
913 973 950 1041 et
978 970 1052 1040 sint
1081 970 1217 1041 astricti
1250 968 1296 1042 ad
1323 969 1553 1054 solucionem,
1580 967 1747 1040 videlicet
1777 969 1934 1060 quinque
1960 972 2004 1049 ad

380 1096 383 1101 ·
469 1074 605 1160 iestum
628 1076 745 1146 sancti
774 1075 1015 1149 Bartholomci
1046 1077 1195 1168 apostoli
1226 1081 1263 1149 et
1292 1077 1449 1168 quinque
1479 1075 1524 1148 ad
1555 1074 1688 1148 iestum
1719 1078 1835 1148 sancti
1864 1074 2003 1154 Martini

470 1182 686 1254 coniessoris
710 1185 869 1275 proxime
892 1190 1094 1269 venturum,
1118 1188 1154 1257 (1
1177 1204 1259 1257 cum
1282 1184 1351 1257 boc
1372 1186 1502 1275 viginti
1518 1203 1705 1256 mensuras
1729 1199 1859 1257 auene:
1883 1182 2005 1263 decem

472 1310 661 1362 mensuras
693 1310 807 1363 auena
839 1291 934 1384 inira
956 1291 1046 1364 duas
1077 1295 1307 1385 septimanas,
1343 1292 1464 1364 datam
1488 1294 1713 1386 presencium
1737 1294 1939 1383 sequentes,
1970 1300 2006 1370 et

470 1397 595 1470 decem
635 1417 823 1471 mensuras
862 1400 909 1473 ad
946 1400 1081 1472 iestum
1119 1422 1148 1472 s.
1171 1399 1412 1473 Bartholomei
1447 1402 1683 1493 prenominati
1721 1399 1873 1471 soluant
1917 1399 2004 1477 Item

470 1505 558 1577 dicti
587 1504 779 1578 alodarius
814 1513 851 1579 (1
885 1507 1098 1580 kmetbones
1136 1512 1175 1580 in
1213 1509 1412 1581 Omnmoaoo
1450 1507 1607 1601 prefatas
1646 1506 1810 1579 missales
1837 1526 2005 1583 annonas

471 1617 575 1686 annis
603 1613 756 1704 singulis
779 1618 961 1708 perpetuis
985 1616 1214 1709 temporibus,
1237 1621 1279 1688 ut
1301 1615 1487 1709 preiertur,
1518 1615 1564 1687 ad
1587 1614 1706 1687 dotem
1730 1616 1843 1707 ipsius
1866 1613 2005 1706 plebanl
2111 1609 2121 1666 t

469 1722 509 1793 ln
533 1723 730 1801 Voliazeroa
755 1725 817 1814 qui
839 1743 904 1816 pro
928 1729 1086 1816 ternpore
1109 1723 1227 1809 luerit,
1250 1724 1346 1796 inira
1368 1724 1459 1795 duas
1482 1724 1711 1815 septimanas,
1736 1723 1870 1795 iestum
1892 1727 2005 1798 saneti

470 1828 615 1902 Martini
650 1829 865 1902 confessoris
902 1831 1097 1904 inmediate
1120 1835 1321 1923 sequentes,
1352 1830 1531 1904 deducant
1563 1834 1600 1907 (1
1629 1828 1798 1902 hincinde
1831 1848 2005 1918 rancores,

471 1937 733 2030 displicencias,
768 1938 903 2030 iatlgas
935 1945 973 2011 et
1006 1958 1180 2032 expensas
1215 1944 1253 2012 et
1283 1939 1440 2032 dampna
1474 1957 1618 2033 parcere
1641 1941 1679 2010 (1
1700 1938 1881 2010 remittere
1904 1940 1940 2009 et
1962 1938 2007 2013 ed

470 2047 628 2117 invicem
651 2043 782 2117 debent
812 2045 1063 2134 amiciciamsl)
1098 2053 1135 2119 et
1157 2048 1376 2120 reconciliari
1411 2046 1479 2119 sub
1508 2048 1611 2141 penis
1640 2046 1789 2118 inierim
1819 2046 2006 2132 annotatis,

470 2152 641 2225 videlicet
662 2152 730 2225 sub
754 2175 848 2246 perra
870 2158 1015 2227 centurn
1039 2175 1241 2228 marcarum
1263 2155 1418 2228 latorum
1440 2174 1647 2245 grossorum
1662 2158 1804 2226 menete
1819 2151 2006 2243 Pragenais

471 2261 566 2353 parti
589 2259 725 2333 dietam
748 2265 1052 2355 composicionem·
1071 2269 1107 2335 (1
1129 2266 1351 2336 sentenciam
1381 2263 1557 2335 dictorum
1589 2261 1815 2334 dominorum
1837 2258 2005 2350 Bogaulal

472 2373 510 2440 et
530 2367 731 2441 Domkonis
755 2370 968 2443 arbitrorum
995 2375 1142 2456 tenenti,
1172 2374 1434 2464 quinquaginta
1462 2390 1602 2443 marcas
1632 2369 1782 2442 ecclesie
1811 2366 2006 2441 Gneanonsl

249 2441 283 2516 ’·
402 2561 405 2565 ,
473 2497 537 2569 pro
573 2496 675 2549 muro
714 2484 750 2548 et
787 2477 950 2551 residuas
982 2481 1242 2572 qulnquaginta
1273 2498 1414 2552 marcas
1445 2498 1509 2572 per
1538 2482 1686 2572 partem,
1721 2476 1859 2567 quein
1892 2474 2006 2566 aliquo

347 2600 354 2677 j
473 2585 598 2656 contra
620 2588 797 2678 premissa
819 2606 884 2658 seu
908 2586 1051 2679 aliquod
1074 2590 1330 2680 premissorum
1344 2588 1492 2671 venerit,
1515 2585 1640 2657 iecerit
1663 2589 1726 2657 aut
1748 2580 2007 2675 quomodolibet

473 2695 744 2785 attemptauarit
772 2694 924 2767 eandem
954 2697 1263 2789 composicionem,
1294 2694 1564 2778 diiimicienem,
1596 2693 1953 2786 pronuncciacionem
1973 2696 2009 2763 ot
2099 2754 2105 2765 .

472 2799 723 2872 laudacionem
745 2804 784 2873 in
807 2808 881 2875 toto
904 2808 969 2875 aut
996 2806 1033 2874 in
1064 2809 1165 2897 parte
1198 2824 1268 2877 non
1299 2805 1469 2887 seruanti,
1499 2822 1542 2874 ac
1572 2820 1746 2893 expensas
1770 2802 1806 2870 (1
1827 2799 2006 2882 interesse,

473 2928 565 2998 quas
588 2908 648 2980 uel
671 2929 741 2999 qne
768 2930 833 3002 per
854 2917 993 3003 partem
1016 2911 1222 2984 huiusmodi
1250 2910 1509 2983 diliinicloncm
1533 2915 1714 2981 tenentem
1737 2907 1855 2978 iacere
1879 2907 2008 2978 contin·

472 3019 568 3106 gerit
589 3017 649 3088 uel
672 3020 787 3090 eciam
817 3022 1004 3104 sustinere,
1035 3023 1129 3092 sieut
1152 3039 1218 3092 suo
1241 3019 1395 3112 simplici
1425 3017 1659 3090 declarauerlt
1680 3014 1800 3099 uerbo,
1831 3013 1913 3106 aliis
1934 3031 2008 3106 pro

474 3122 686 3197 bacionibus
710 3132 747 3198 et
770 3125 1073 3199 declaracionibus
1098 3128 1332 3211 cessantibus,
1362 3124 1652 3199 irremissibiliter
1680 3122 1820 3196 soluere
1849 3120 1955 3193 debet
1975 3124 2010 3192 et

474 3232 520 3304 de
543 3238 701 3325 presenti
725 3235 869 3306 arbitrio
893 3236 942 3306 sit
964 3238 1120 3321 astricta,
1151 3239 1212 3320 ita,
1237 3234 1331 3327 quod
1362 3234 1459 3307 dicta
1481 3253 1574 3327 pena
1596 3231 1707 3304 semel
1729 3230 1789 3302 uel
1811 3230 1944 3322 pluries
1966 3226 2008 3299 ab

475 3361 528 3425 eo,
552 3344 613 3433 qui
639 3348 763 3414 contra
776 3345 954 3436 premissa
969 3344 1027 3415 uel
1051 3342 1194 3435 aliquod
1210 3346 1464 3437 premissorum
1488 3339 1623 3432 aliquid
1645 3339 1770 3411 iecerit
1785 3358 1850 3409 seu
1865 3340 2009 3427 attemp

414 3484 418 3490 ·
474 3451 616 3533 tenerit,
647 3449 742 3521 dicte
771 3452 864 3542 parti
895 3454 1031 3523 tenenti
1060 3457 1097 3524 (1
1119 3452 1269 3524 ecclesie
1297 3450 1497 3525 Gneznensi
1520 3448 1681 3521 soluatur
1703 3456 1740 3517 et
1762 3444 2010 3517 nichilominus

475 3557 886 3631 solucione·buinsmodi
909 3580 1001 3652 pene
1024 3580 1096 3632 non
1119 3560 1293 3643 obstante,
1318 3558 1453 3631 dietrrm
1473 3557 1657 3629 arbitrium
1681 3560 1716 3625 (1
1739 3551 1887 3625 laudum
1910 3549 2011 3623 debet

476 3686 498 3737 a
521 3664 628 3737 dictis
651 3667 813 3759 partibus
836 3668 1089 3740 inviolabiliter
1111 3671 1292 3760 perpetuis
1322 3664 1539 3759 temporibus
1572 3664 1764 3736 obseruari.
1810 3660 1926 3748 Quam
1948 3655 2010 3728 dii·

476 3774 695 3858 srnieionem,
728 3775 976 3848 laudaeionem
1007 3781 1043 3848 (1
1076 3777 1433 3869 pronuncciacionem
1469 3773 1605 3865 prelata
1639 3776 1759 3863 partes
1795 3787 1876 3840 mor
1908 3772 1944 3837 ct
1975 3766 2010 3835 in

477 3885 674 3954 continenti
692 3890 914 3976 receperunt,
939 3885 1236 3977 approbauerunt,
1260 3883 1552 3972 emologauerunt
1575 3886 1611 3950 et
1633 3877 1915 3958 ratificauerunt,
1938 3890 2011 3965 pro

477 3992 662 4063 mittentes
686 3991 830 4063 arbitrio
855 3992 983 4076 eidem,
1014 3996 1195 4064 sentencie
1224 3998 1260 4063 et
1282 3995 1384 4085 penis
1408 3989 1491 4062 inde
1513 3987 1655 4060 vallatis
1679 3992 1785 4067 stare,
1815 3980 1957 4055 (ΜΝ
1977 3982 2012 4048 (1

476 4101 515 4170 in
554 4098 652 4170 nullo
690 4120 754 4192 per
787 4122 828 4171 se
861 4101 918 4172 uel
953 4121 1016 4193 per
1051 4102 1171 4183 alium,
1207 4100 1340 4171 directe
1372 4100 1429 4171 uel
1462 4096 1644 4178 indirecte,
1674 4096 1751 4164 iure
1781 4091 1840 4163 uel
1862 4090 1957 4161 iacto
1979 4088 2013 4155 (1

477 4209 608 4299 quouis
631 4208 701 4278 alio
725 4207 840 4279 colore
863 4213 1003 4299 quesite
1027 4211 1284 4280 contranenire.
1332 4208 1445 4299 Super
1467 4204 1596 4295 quibus
1617 4200 1783 4273 omnibus
1807 4207 1843 4270 et
1865 4193 2012 4286 singulis

477 4316 640 4407 prelatus
679 4315 847 4387 dominus
885 4317 1053 4389 Nicolaus
1093 4316 1267 4409 plebanus
1303 4336 1325 4387 a
1358 4313 1613 4408 prenominatis
1646 4308 1800 4380 dominis
1839 4301 2012 4394 Boguslao

478 4427 650 4496 canonino
674 4429 710 4495 et
734 4424 922 4497 Domkone
956 4434 1141 4515 tamquam
1174 4425 1316 4496 arbitris
1351 4424 1472 4495 literas
1511 4424 1668 4513 ipserum
1691 4416 1819 4503 sigillis
1842 4411 2012 4503 sigillatas

478 4535 657 4624 presentis
681 4531 915 4604 diiiinicionis
939 4539 976 4606 (1
999 4534 1287 4605 confirmacionis
1320 4554 1362 4603 ac
1392 4550 1450 4602 me
1482 4529 1616 4601 notario
1647 4524 1788 4617 publico
1818 4520 2012 4635 subscripto

479 4644 559 4712 rice
583 4647 619 4712 et
644 4644 791 4733 nomine!
810 4645 971 4713 omnium
996 4650 1032 4713 et
1055 4643 1278 4731 singulorum
1310 4643 1563 4733 premissonrm
1594 4633 1837 4724 sollempniter
1858 4624 2012 4720 stipulati

479 4752 591 4840 pecijt
622 4749 691 4820 sibi
725 4768 872 4841 presens
905 4750 1087 4841 publicum
1121 4752 1398 4821 instrumentum
1432 4746 1561 4818 conlisi
1593 4750 1628 4814 et
1666 4744 1701 4811 in
1739 4739 1833 4809 hunc
1866 4737 2013 4807 formam

480 4856 663 4948 publicam
687 4857 811 4945 redigi.
859 4857 993 4928 Datum
1026 4868 1062 4929 (1
1090 4868 1210 4929 actum
1242 4858 1393 4939 Gneane,
1426 4874 1528 4936 1111,
1560 4850 1766 4930 indiccione,
1796 4842 2013 4960 pontificatu.

481 4964 550 5047 die,
575 4985 710 5048 mense,
735 4966 822 5036 hora
845 4975 882 5036 (1
905 4967 993 5049 loco,
1017 4968 1147 5057 quibus
1171 4986 1291 5058 supra.
1337 4961 1564 5035 Presenlibus
1581 4956 1711 5028 ibidem
1736 4954 1900 5025 diseretis
1922 4949 2013 5069 siris.

481 5073 655 5145 dominis:
702 5073 847 5145 Nicolao
882 5073 999 5145 Calas
1036 5076 1229 5167 presbitero
1264 5072 1418 5159 grener-sti
1456 5076 1491 5142 el
1523 5068 1667 5139 iliberto
1701 5063 1899 5152 Odraygost
1931 5055 2014 5127 drea

481 5181 663 5272 Raymslry
686 5184 814 5253 clerico
838 5185 937 5253 curie
960 5183 1190 5265 (lucanensis,
1214 5182 1366 5253 testibus
1390 5182 1484 5251 cirea
1508 5178 1691 5270 premissa.

645 5288 692 5360 Et
714 5310 781 5379 ego
804 5290 979 5361 iohrnrnes
1004 5291 1137 5362 Nicolai
1163 5291 1208 5362 de
1231 5292 1434 5371 Grodzislro,
1459 5287 1607 5357 clericus
1623 5279 1874 5353 Poananiensis
1897 5273 2015 5363 dyoce·

482 5403 545 5485 sis,
569 5398 736 5492 publicus
759 5399 934 5491 imperiali
960 5402 1170 5472 auctoritate
1193 5402 1362 5483 notanus,
1386 5396 1632 5483 dictorumque
1659 5389 1884 5461 dominorum
1906 5381 2014 5465 Bogu-
