4720 6360
435 817 496 894 rto.
542 791 638 872 1409.
663 793 721 868 die
744 797 799 876 28:
823 797 958 866 mensis
971 737 1174 878 ¹llebruarii,
1198 795 1236 866 ln
1259 793 1404 864 Iadica:

578 1062 797 1137 wladislaus
819 1047 859 1135 Π.
883 1083 945 1136 rer
968 1063 1133 1134 Polouiae
1151 1053 1302 1134 ¹civibus
1334 1061 1378 1132 de
1404 1063 1581 1134 Waclrowa
1609 1067 1688 1136 octo
1713 1077 1858 1148 mansos
1882 1062 1960 1150 agri

433 1199 461 1266 ιιι
481 1178 562 1254 uilla
584 1176 790 1260 Przpcapoo
813 1175 912 1258 sitos,
937 1171 1084 1244 confert.

576 1443 616 1514 ln
652 1444 797 1514 nomine
833 1441 978 1514 Domini
1019 1461 1134 1512 aman.
1190 1439 1249 1512 Ad
1286 1445 1496 1532 perpetuam
1533 1441 1587 1513 rai
1624 1442 1844 1512 memoriam.
1892 1434 1962 1512 Vbi

434 1554 581 1636 volitatio
613 1555 649 1622 et
681 1547 948 1622 commodorum
986 1547 1138 1620 babetur
1171 1549 1279 1632 racio,
1315 1547 1365 1620 ibl
1394 1551 1472 1621 iura
1502 1548 1708 1620 libertatum
1742 1549 1867 1620 nierito
1900 1566 1963 1640 par

433 1664 595 1766 principes
627 1661 664 1729 et
681 1658 819 1748 ¹legum
852 1655 983 1730 latores
1017 1655 1148 1729 debent
1182 1659 1417 1746 augmentari.
1463 1653 1614 1729 Proinde
1645 1677 1709 1730 nos
1742 1655 1962 1728 Wladlslaus

433 1776 486 1850 Dei
519 1767 639 1860 gracia
670 1786 732 1837 rex
755 1765 908 1850 Polonie,
944 1785 1083 1837 necnon
1120 1769 1295 1836 terrarum
1328 1761 1509 1849 Cracouie,
1545 1761 1778 1848 Sandomin'e,
1814 1761 1962 1848 Siradle,

226 1885 244 1936 ‘·
369 1963 373 1969 ,
433 1877 592 1958 lancicie,
620 1871 779 1958 Cuiauie,
809 1873 1067 1965 Litbuanieque
1090 1875 1256 1964 princeps
1281 1891 1482 1964 supremus,
1513 1871 1730 1956 Pomeranle,
1764 1865 1963 1962 Russieque

431 1987 582 2062 dominus
606 1985 643 2052 et
665 1981 779 2066 berea,
804 1981 1053 2071 significamus
1077 1987 1199 2052 tenore
1222 1983 1460 2072 presencium,
1484 1981 1613 2070 quibus
1638 1975 1790 2070 expedit,
1821 1982 1963 2052 uniuer-

431 2101 482 2179 sis,
503 2088 727 2184 presentibus
756 2102 792 2161 et
815 2089 957 2174 futuris,
990 2091 1217 2180 presencium
1240 2091 1409 2160 noticiam
1432 2086 1619 2171 habituris,
1653 2085 1748 2178 quod
1771 2103 1858 2158 sana
1882 2105 1963 2159 con·

430 2200 583 2276 sideratis
609 2195 773 2268 fidelium
797 2198 1048 2289 obsequiorum
1072 2197 1301 2286 constancijs,
1326 2194 1456 2286 quibus
1480 2199 1578 2266 ciues
1607 2199 1644 2266 et
1665 2194 1782 2266 incola
1805 2196 1963 2266 ciuitatis

432 2313 538 2383 nosue
563 2305 748 2390 Woeltowa,
773 2313 933 2376 nostram
956 2303 1131 2376 hactenus
1147 2305 1307 2374 venerati
1322 2307 1408 2374 sunt
1424 2307 1660 2392 magestatem
1680 2309 1717 2374 ct
1728 2304 1963 2394 imposterum

431 2417 524 2490 ructo
546 2411 731 2484 fidelitatis
757 2411 876 2484 studio
900 2414 1054 2504 poterint
1084 2413 1309 2504 prestancius
1333 2413 1506 2494 venerari,
1530 2411 1690 2482 volentes
1722 2413 1819 2502 ipsos
1843 2415 1965 2482 nostre

431 2519 583 2616 specialis
613 2521 733 2610 gracie
755 2522 983 2612 prerogatiua
1013 2521 1180 2611 prosequi
1212 2523 1248 2590 et
1270 2517 1373 2589 letari
1398 2518 1570 2609 ampliori,
1603 2523 1644 2588 ut
1666 2519 1797 2590 nostris
1821 2517 1965 2590 suliulti

432 2627 683 2719 munificenciis
707 2647 746 2700 sa
770 2625 816 2700 ad
839 2629 992 2700 senricia
1012 2633 1138 2699 nostra
1161 2628 1372 2720 propensius
1397 2624 1585 2697 redderent
1599 2628 1851 2718 prompciores,
1875 2627 1964 2718 ipsis

430 2743 500 2810 octo
521 2752 666 2807 manuos
688 2737 726 2806 in
748 2735 835 2808 villa
858 2755 981 2808 eorum
1004 2737 1212 2824 &spamae
1222 2739 1247 2821 ¹)
1272 2733 1368 2804 dicta
1391 2753 1475 2804 cum
1499 2737 1578 2804 octo
1603 2735 1734 2804 marcis
1751 2735 1861 2806 annui
1885 2754 1965 2806 oen·

431 2849 488 2914 sus·
506 2845 543 2915 ln
566 2841 712 2926 eisdem,
748 2863 837 2935 quos
867 2841 1046 2932 Slglridus
1084 2841 1129 2913 de
1164 2844 1261 2913 Gonu
1292 2841 1418 2912 habuit
1440 2845 1477 2912 at
1499 2844 1615 2912 tenuit
1652 2847 1688 2912 et
1717 2861 1863 2913 consors
1886 2843 1965 2914 eius

431 2953 595 3040 legittima
616 2953 759 3034 racione
782 2957 819 3024 et
840 2953 986 3024 nomine
1009 2953 1086 3021 veri
1109 2949 1265 3042 dotalicii
1287 2951 1344 3020 sui
1369 2948 1414 3020 ad
1436 2953 1598 3040 tempora
1621 2952 1693 3020 vite
1717 2951 1831 3042 ipsius
1852 2953 1966 3042 possi·

431 3057 536 3142 debat,
572 3059 634 3148 qui
668 3064 747 3130 octo
779 3061 897 3130 mansi
928 3061 1010 3151 post
1045 3055 1234 3130 decessum
1265 3057 1417 3150 predicti
1450 3055 1597 3146 Sigiridi
1633 3061 1669 3128 et
1697 3073 1768 3129 sue
1791 3061 1966 3130 consortis

432 3163 599 3264 subdote
633 3164 680 3238 ad
713 3172 872 3238 nostram
908 3167 1055 3238 luerunt
1088 3171 1124 3237 at
1157 3170 1243 3238 sunt
1276 3163 1436 3236 deuoluti
1467 3167 1704 3248 maiestatem,
1740 3164 1966 3252 donauimus,

431 3275 740 3366 appropriauimus,
764 3269 940 3360 dedimus,
966 3273 1224 3367 adscripsimus
1241 3277 1278 3345 et
1292 3275 1609 3365 incorporauimus,
1626 3271 1826 3366 damusque
1843 3279 1966 3346 tenore

432 3383 656 3470 presencium,
680 3384 963 3474 appropriamus,
988 3385 1268 3474 incorpommus,
1293 3379 1541 3465 adscribimus,
1573 3379 1804 3471 adiungimus
1827 3380 1873 3454 da
1894 3381 1967 3474 ple.-

431 3486 581 3560 uitudine
604 3494 725 3561 nostre
748 3493 846 3580 regia
876 3491 1064 3582 potestatis
1095 3489 1289 3561 liberaliter
1316 3493 1353 3561 et
1376 3487 1551 3561 donamus
1575 3487 1772 3561 donacione
1794 3495 1969 3584 perpetua

431 3601 463 3664 o
482 3597 518 3666 iu
541 3615 643 3669 eum
690 3595 932 3688 Quosquidem
964 3604 1043 3669 octo
1068 3617 1213 3670 mansos
1247 3617 1330 3669 cunr
1363 3602 1442 3669 octo
1475 3599 1606 3668 marcis
1641 3599 1752 3668 annui
1776 3617 1905 3672 census
1929 3600 1967 3670 ia

432 3701 567 3788 eisdem
591 3712 731 3778 necnon
763 3725 859 3796 cums
877 3705 1052 3778 omnibus·
1078 3707 1311 3798 pertinenciis
1340 3710 1377 3776 et
1400 3705 1604 3796 attinencijs
1627 3705 1806 3778 vniuersis
1830 3725 1968 3782 eomm-

432 3805 516 3896 dem,
539 3811 689 3904 predicti
713 3815 812 3886 ciues
837 3814 1019 3898 tenebunt,
1051 3813 1244 3898 habebunt,
1276 3813 1494 3885 vtiiruentur
1524 3817 1560 3884 et
1587 3811 1824 3906 possidebunt
1846 3825 1969 3908 perpe

431 3918 496 3987 tuis
518 3921 736 4013 temporibus
759 3918 940 3994 duraturis
965 3942 1048 3993 cum
1073 3921 1256 4014 potestate
1279 3918 1468 4006 vendendi,
1502 3909 1694 4012 obligandi,
1725 3921 1970 3998 commutandi

432 4021 472 4094 de
491 4031 610 4101 nocuo
634 4029 809 4104 duntaxat
843 4049 1020 4102 consensu
1049 4029 1206 4121 speciali,
1240 4035 1277 4100 et
1309 4032 1346 4100 in
1369 4049 1457 4100 rsus
1490 4031 1650 4121 ipsorum
1672 4027 1853 4102 uberiores
1889 4049 1970 4106 con·

432 4133 593 4208 uertendi.
640 4137 796 4210 Racione
842 4141 945 4210 cuius
992 4135 1199 4210 donacionis
1246 4135 1396 4232 predicti
1443 4139 1541 4222 ciues
1586 4137 1771 4210 ciuitatem
1809 4143 1971 4218 nocuum

436 4237 602 4316 leclsouc
628 4245 871 4336 supradictam
900 4265 1003 4317 muro
1028 4250 1064 4317 et
1086 4244 1233 4317 fossatis
1256 4245 1348 4317 bene
1374 4243 1584 4328 ,fortificata
1618 4263 1811 4338 murosque
1835 4250 1872 4318 et
1900 4247 1971 4322 ios-

405 4349 505 4419 'snta
524 4355 647 4424 vetera
675 4351 870 4426 reformare
899 4327 1030 4426 debent
1053 4356 1089 4425 et
1113 4358 1288 4426 tenentur.
1336 4353 1471 4454 llarum
1501 4351 1631 4444 quibus
1659 4352 1820 4444 sigillum
1849 4361 1972 4430 nosue

433 4455 622 4532 malestatis
654 4464 710 4532 est
737 4482 936 4555 appensum
959 4463 1164 4534 testimonio
1198 4462 1393 4533 literarum.
1439 4461 1572 4532 Actum
1609 4463 1648 4532 ln
1683 4462 1848 4549 Caluum)
1880 4462 1973 4543 laria

432 4563 535 4636 tercia
556 4565 797 4662 Carnisprivii,
833 4589 926 4642 anno
958 4569 1105 4642 Domini
1139 4569 1329 4641 millesimo
1363 4567 1717 4660 quadringentesimo
1740 4587 1844 4644 nono.
1891 4569 1972 4648 Pte.-

415 4673 585 4747 secunus
619 4665 824 4749 reuerendis
858 4679 896 4749 in
931 4675 1072 4749 Christo
1103 4676 1277 4770 patribus,
1315 4676 1485 4750 dominis:
1523 4675 1669 4750 Nicolao
1703 4675 1971 4772 archiepiscopo

433 4771 653 4868 Gneanensia,
697 4783 842 4856 Alberto
884 4787 1051 4878 episcopo
1089 4783 1344 4858 Poruaniensis
1387 4784 1629 4869 ecclesiarum,
1665 4804 1805 4858 necnon
1840 4785 1972 4858 validis

432 4889 650 4984 nuenutsque
676 4894 779 4978 viram
815 4893 971 4967 iohanne
999 4892 1044 4964 de
1069 4895 1221 4965 Tornou
1256 4893 1450 4966 cmtellano
1475 4892 1714 4978 Cracoulensi,
1749 4891 1903 4968 cristino
1927 4893 1972 4968 de

433 4986 559 5068 &ocu
596 4998 887 5084 Sandomiriensi,
931 4999 1149 5092 Sandiuogio
1184 4999 1229 5073 de
1264 5003 1431 5090 Ostrorop
1474 4995 1718 5085 Poznauiensi,
1757 5000 1885 5076 Iacobo
1927 5001 1973 5078 de

434 5095 678 5198 Kmteezpotpe
700 5107 894 5181 Sirsdlensl
918 5108 1097 5200 palatinis,
1122 5109 1315 5182 Vinoeucio
1338 5107 1385 5180 da
1406 5111 1561 5181 &cocu
1580 5107 1775 5182 catelano
1798 5107 1973 5184 Naklensi

435 5207 467 5273 et
485 5206 639 5286 Iohanne
662 5213 707 5286 de
730 5215 919 5288 Cadmeius
941 5215 1030 5288 alias
1054 5213 1099 5288 de
1122 5217 1256 5287 Rideto
1271 5214 1412 5300 herede,
1437 5214 1649 5288 castanensl
1664 5221 1701 5288 et
1720 5217 1973 5292 Wscbouieusl
2083 5299 2085 5306 ‚

436 5317 624 5407 capitaneo,
661 5323 813 5414 aliisque
851 5343 960 5413 quam
997 5323 1160 5415 pluribus
1200 5325 1333 5396 nostris
1372 5322 1541 5395 fidelibus
1577 5321 1782 5415 iidedlgnis.
1836 5323 1973 5399 Datum

438 5431 493 5505 lli
514 5445 642 5502 manus
671 5427 806 5502 domini
828 5429 965 5502 Nicolai
1000 5433 1171 5522 prepositi
1202 5434 1320 5504 sancti
1354 5431 1510 5505 Floriani
1533 5437 1633 5503 extra
1655 5451 1777 5504 miuus
1800 5433 1973 5508 Cracoute

284 5625 289 5636 ‚
436 5525 595 5624 duum,
618 5539 802 5628 nostrique
824 5539 926 5628 regni
948 5539 1244 5630 vicecancellarii,
1267 5539 1372 5622 nobis
1395 5541 1546 5622 sincera.
1556 5537 1688 5630 dilecti

1822 5630 1849 5664 ,11
1896 5597 2092 5668 ἀις-Μιινζ.

1767 5657 1915 5728 ee·
