4722 6360
299 390 393 525 ω..

303 646 486 744 Stephano
510 647 556 722 de
586 649 761 736 Geretae,
791 621 938 723 Andrec
961 643 1007 723 da
1027 647 1235 742 Bopooeroo
1266 654 1303 725 et
1331 645 1525 726 Vincencio
1555 643 1601 726 de
1629 645 1840 740 Bramme„

300 756 506 848 heredibus,
530 757 684 853 alijsquc
706 757 869 854 pluribus
893 756 1100 850 iidedignis.

181 1015 183 1018 -
464 973 597 1050 stiw
617 973 760 1046 demoliri
785 972 979 1050 pomaiskiel
1006 973 1189 1048 obsimulqoai
1213 975 1273 1034 iata
1291 975 1362 1035 rior
1379 973 1419 1034 do
1437 977 1509 1035 1413
1535 977 1597 1049 (atr.
1614 975 1662 1050 81)
1680 993 1700 1035 ι
1716 983 1840 1054 Μ

301 1062 390 1135 renai
409 1079 436 1122 w
453 1063 608 1122 marsum
628 1063 783 1136 raqdewem
801 1082 827 1122 11
844 1063 1001 1124 Parnasia.

465 1243 675 1318 phemone,
702 1241 769 1304 11111
796 1243 903 1318 niegdy
921 1260 947 1300 11
965 1243 1027 1316 wei.
1045 1241 1257 1321 poenarirkiern¹
1283 1261 1356 1322 porr.
1385 1243 1588 1365 kddadrkim,
1614 1263 1675 1322 par.
1702 1246 1840 1316 danai„

299 1332 446 1409 potem
463 1333 525 1394 cisti
538 1335 587 1394 nie
604 1335 724 1408 istaista.
1286 1395 1288 1400 .

306 1733 360 1804 91.
410 1735 509 1806 1401.
534 1729 593 1805 dia
615 1735 672 1806 13.
696 1733 831 1806 mansis
853 1728 957 1818 1111111,
980 1728 1190 1805 Posnaniaa.
1335 1781 1338 1791 ·

283 1959 285 1966 ’
466 1945 689 2021 wladislaus
711 1947 752 2020 il.
775 1967 838 2020 rex
860 1945 1028 2048 l’oleniaa
1051 1945 1272 2044 domdonem
1301 1947 1510 2018 monasterii
1540 1943 1674 2020 ordinis
1696 1945 1839 2027 sauna

303 2052 594 2238 {sagdliffimm
622 2057 663 2128 in
687 2057 834 2128 Wrcairi
857 2074 880 2128 a
902 2053 1121 2127 Premisione
1144 2053 1231 2126 oiim
1254 2053 1346 2149 duee
1367 2052 1535 2127 Peloniac
1556 2051 1702 2142 iactam,
1732 2061 1838 2133 ratam

464 2379 508 2453 in
541 2380 687 2452 nomine
715 2377 863 2452 Domini
899 2397 1016 2450 amen.
1060 2376 1120 2450 Ad
1151 2381 1364 2471 perpetuam
1396 2379 1451 2450 rei
1488 2378 1709 2451 memoriam.
1755 2377 1839 2454 Sane

303 2491 392 2560 tunc
416 2485 538 2560 diuine
561 2486 810 2560 retribucionis
834 2487 1005 2558 meritum
1033 2488 1071 2558 et
1100 2486 1308 2579 temporalis
1336 2487 1585 2580 prosperitatis
1616 2491 1838 2576 augmentum

304 2594 541 2674 irriaffibiliter
576 2595 747 2686 consequi
777 2592 968 2678 eredimus,
1000 2591 1092 2665 dum
1121 2595 1284 2686 personis
1317 2593 1570 2666 ecciesiasticis
1602 2596 1639 2665 at
1667 2595 1840 2684 signanter

304 2703 493 2793 religiosis,
518 2701 565 2774 ad
586 2701 734 2776 laudam
756 2705 794 2773 et
815 2701 1029 2792 obsequium
1051 2699 1120 2772 Dei
1142 2698 1335 2794 deputatis,
1358 2700 1612 2774 muniiieeneic
1626 2705 1747 2774 nostra
1769 2699 1839 2775 der·

304 2815 421 2882 teram
441 2809 637 2883 liberaliter
658 2811 895 2902 impertimur,
918 2813 960 2880 vt
981 2809 1053 2902 ipsi
1075 2808 1189 2882 cultui
1212 2806 1334 2882 diuino
1356 2808 1505 2882 liberius
1523 2829 1674 2882 vaecors
1695 2813 1839 2903 poterint

305 2923 342 2991 et
365 2920 535 2990 creatoris
557 2920 673 2990 nostri
696 2917 932 2990 clemenciam
955 2936 1019 3009 pro
1042 2915 1146 2989 uobis
1174 2917 1384 3011 suppliciter
1411 2937 1566 2990 exorare.
1611 2915 1763 2990 Proinde
1783 2937 1839 2990 nos

304 3023 526 3098 Wladislaus
556 3025 625 3098 Dei
654 3027 777 3116 gracia
810 3044 873 3098 rex
908 3024 1061 3108 Polonie,
1093 3023 1374 3116 Lythwam'eque
1400 3027 1568 3118 princeps
1603 3044 1789 3118 supremus
1810 3031 1840 3098 et

303 3131 410 3206 ireres
433 3133 562 3205 Russio
585 3137 653 3205 etc.
677 3133 930 3224 signilicamns
953 3137 1076 3205 terrore
1098 3134 1337 3226 presencium,
1368 3133 1499 3226 quibus
1530 3131 1681 3226 expedit,
1711 3135 1839 3205 11111111-

305 3245 368 3329 sis,
402 3241 635 3334 presentibus
667 3245 704 3314 et
735 3241 879 3326 futuris,
914 3243 1142 3334 presencium
1173 3243 1344 3313 noticiam
1375 3239 1562 3326 habituris,
1596 3239 1770 3332 quomodo
1800 3238 1837 3312 ad

304 3354 427 3421 nostre
465 3351 666 3421 maiestatis
697 3353 974 3439 nostrorumque
1009 3347 1185 3421 baronum
1218 3351 1404 3421 vementes
1437 3351 1660 3443 presenciam
1693 3347 1837 3438 religiosi

304 3459 403 3550 prior
424 3475 509 3528 cum
532 3455 705 3529 iratribus
728 3455 863 3530 ordinis
893 3455 1171 3542 Predicatorum,
1207 3458 1413 3549 monasteri]
1440 3459 1477 3529 et
1500 3460 1697 3528 conuentus
1728 3459 1838 3528 sancte

305 3565 478 3637 Maricio
503 3565 698 3652 Wrosesa)
728 3564 832 3636 nobis
857 3563 1038 3655 quandam
1067 3563 1316 3637 literamdiue
1339 3565 1510 3638 memorie
1532 3564 1647 3654 incliti
1668 3563 1838 3659 principis,

307 3671 444 3744 domini
473 3671 636 3763 Premysl
659 3668 745 3745 olim
777 3671 881 3744 ducis
915 3671 1069 3757 Polonie,
1105 3691 1214 3764 super
1248 3675 1354 3744 certis
1385 3672 1601 3745 vtiiitatibus
1634 3686 1699 3765 per
1731 3673 1838 3766 ipsun

306 3777 403 3852 dicto
425 3781 587 3871 ipsorum
610 3783 827 3852 monasterio
851 3775 977 3852 sancte
998 3779 1109 3852 Maria
1131 3779 1272 3869 legatis,
1304 3778 1541 3852 exbibuerunt
1563 3774 1837 3858 demonstrando,

304 3889 344 3960 in
367 3907 440 3978 qua
464 3906 633 3980 expresse
649 3889 822 3960 contineri
839 3886 1039 3974 videbatur,
1064 3887 1242 3978 quomodo
1264 3886 1362 3960 idem
1378 3887 1451 3960 dux
1473 3887 1634 3979 Premysi
1655 3907 1720 3981 pro
1735 3885 1838 3959 salua

306 3997 426 4068 anime
449 4015 516 4066 suo
540 3999 577 4065 et
598 3995 810 4068 remissione
839 3999 1070 4088 peccatorum
1099 3995 1393 4088 predecessorum
1416 3997 1542 4089 ipsius,
1575 4015 1696 4068 amam
1717 3989 1837 4066 ibidem

305 4105 344 4176 in
368 4101 473 4197 opido
496 4105 618 4174 nostro
645 4103 800 4192 Wronim
821 4123 887 4196 pro
911 4105 1094 4176 creceione
1118 4101 1279 4176 eiusdem
1303 4106 1510 4196 monasterij
1536 4109 1660 4176 sancte
1681 4103 1789 4176 biario
1808 4100 1838 4168 ct

306 4211 578 4284 eenstmccionc
601 4210 752 4282 ecelesia
776 4230 818 4282 ac
841 4214 1071 4304 reparaeionc
1095 4213 1260 4303 cinriterij
1292 4211 1487 4302 iegauerat,
1518 4211 1691 4284 exardens
1714 4203 1837 4282 ieroide

305 4321 345 4391 in
380 4337 502 4392 amore
534 4317 616 4388 Iesu
649 4316 792 4404 Christi,
826 4317 990 4392 addendo
1022 4339 1086 4411 pro
1118 4341 1187 4392 vsu
1222 4323 1260 4391 et
1291 4320 1445 4392 villitate
1477 4318 1630 4392 iratmm
1658 4323 1697 4392 in
1727 4313 1837 4390 eodem

306 4427 523 4498 monasterio
548 4425 660 4496 cultui
694 4426 816 4499 diuino
847 4429 1016 4498 continue
1039 4425 1296 4512 inherendum,
1327 4447 1439 4499 vnum
1468 4433 1586 4500 ortum
1608 4431 1646 4499 111
1668 4427 1782 4500 1111ο1ο
1802 4437 1860 4495 er,

306 4533 378 4606 alia
406 4537 508 4625 parte
535 4531 640 4624 fluuij
668 4535 827 4618 Wartim,
864 4555 908 4606 ex
938 4537 1101 4628 opposito
1126 4537 1223 4607 curie
1255 4537 1426 4628 ipsorum,
1459 4540 1630 4628 perpetue
1665 4531 1837 4618 dandoque

268 4636 272 4644 ’
306 4647 343 4714 et
357 4638 585 4714 coneedendo
601 4643 691 4732 ipsis
708 4641 880 4714 iratribus
904 4647 1131 4733 potestatem,
1154 4643 1268 4714 fluuio
1292 4642 1465 4714 medlenti
1487 4647 1582 4716 inter
1597 4639 1835 4716 monasterium

306 4755 344 4820 et
365 4753 484 4821 ortum
511 4749 565 4819 vti
595 4752 632 4820 et
665 4751 704 4819 111
735 4753 810 4820 teto
845 4749 959 4821 iluuio
986 4752 1135 4822 Wartbo
1165 4755 1357 4842 atrumque
1388 4751 1491 4823 littus
1520 4741 1712 4841 attigendo,
1747 4741 1835 4818 acin

305 4857 389 4931 lacu
414 4857 601 4940 Wreecaee,
627 4857 685 4926 eui
707 4862 853 4948 pratum
877 4857 1057 4948 quoddam
1075 4860 1312 4941 circumiacet,
1335 4858 1446 4930 libere
1468 4879 1533 4952 per
1554 4861 1652 4952 ipsos
1676 4859 1738 4931 aut
1758 4855 1835 4943 ipso

306 4984 388 5036 rum
421 4965 620 5056 piscatores
644 4964 865 5055 temporibus
899 4969 1081 5057 perpetuis
1106 4987 1269 5038 exercere
1291 4969 1408 5058 piscat
1408 4987 1523 5053 uram,
1555 4987 1627 5039 non
1659 4963 1782 5039 obmiti
1783 4969 1835 5026 eni

305 5075 404 5164 ipsos
427 5071 597 5142 libertare
620 5072 748 5144 similit
732 5077 786 5143 tor
801 5078 972 5164 perpetue
997 5093 1019 5144 a
1041 5074 1224 5146 solucione
1241 5078 1369 5145 metria
1370 5095 1473 5146 arum
1491 5073 1716 5146 molendini
1706 5091 1743 5144 111
1758 5065 1835 5138 litto

305 5199 345 5251 rc
369 5200 412 5251 ex
435 5179 498 5251 illa
523 5183 625 5270 parte
649 5179 753 5272 iluuij
782 5183 931 5252 Wcrtbc
955 5180 1110 5274 deprope
1135 5202 1260 5252 monas
1262 5183 1340 5274 terij
1366 5182 1575 5255 huiusmodi
1598 5185 1667 5254 siti.
1705 5181 1743 5252 In
1765 5185 1834 5262 11111·

305 5285 453 5378 quidem
477 5286 720 5358 molendino
710 5291 800 5379 rpsis
833 5291 956 5360 ornnia
987 5289 1169 5360 irumonta
1200 5294 1237 5362 et
1272 5309 1432 5362 annonas
1466 5282 1590 5362 corum
1622 5289 1706 5361 moli
1737 5273 1868 5371 maii,

305 5397 386 5468 sina
409 5395 592 5468 solucione
616 5399 848 5468 metretarum
871 5399 950 5488 ipsc
974 5395 1046 5468 dux
1068 5397 1230 5489 iremysl
1252 5400 1338 5470 insti
1341 5400 1410 5470 tuit
1432 5400 1511 5471 siue
1535 5401 1694 5472 moraet
1678 5391 1833 5467 econio·

1913 821 1917 830 ¹
1962 843 2121 922 diceiona
2152 788 2349 950 1111111111.,1

1962 955 2132 1048 quantam
2168 901 2349 1058 veilentf

1961 1059 2178 1138 facultatem.
2224 1053 2336 1134 Petere

1961 1179 2063 1246 tenus
2086 1164 2132 1236 do
2154 1163 2279 1236 innata
2300 1161 2349 1272 11,

1961 1271 2275 1396 incorporaciones,
2297 1275 2349 1359 pt

1962 1379 2120 1472 Premysl
2148 1381 2200 1450 eis
2229 1361 2349 1463 iacui

1893 1534 1896 1535 f
1964 1508 2060 1568 mare
2082 1489 2120 1559 et
2143 1482 2344 1577 approbare

1963 1596 2128 1675 acclinati
2149 1587 2345 1687 peticionil

1964 1705 2125 1794 vestigia,
2157 1701 2246 1793 ipsis
2270 1687 2349 1796 orris¹

1966 1813 2147 1889 libertates
2169 1810 2204 1880 et
2218 1806 2317 1896 graci
2333 1821 2349 1888 1

1966 1927 2001 1997 et
2033 1922 2071 1992 in
2101 1912 2282 2012 presentib
2328 1919 2349 2009 ,1

1967 2029 2107 2110 uamus,
2156 2019 2346 2114 approbari

1969 2131 2113 2210 easdem
2134 2129 2244 2203 robur
2265 2136 2349 2218 pera*

1971 2241 2177 2336 capitaneis,
2205 2236 2349 2350 11113111,

1974 2372 2013 2424 ce
2014 2351 2101 2422 teris
2122 2346 2226 2436 regni
2254 2291 2349 2461 aas&

1973 2676 2166 2748 literarum
2211 2657 2349 2782 Aetun'i

1973 2800 2063 2856 anno
2085 2777 2231 2851 Domini
2254 2773 2349 2900 111111,

1973 2888 2130 2962 dissime
2152 2887 2191 2956 in
2209 2879 2349 3020 01111111,

1974 2995 2190 3072 Gncsnensis
2214 2987 2313 3062 archi

1973 3123 2111 3177 necnon
2132 3096 2273 3183 validis,
2306 2971 2349 3242 εἶ

1974 3211 2097 3296 diensi,
2128 3191 2349 3318 Μοεοίοἰοῐ,

1977 3311 2310 3391 mariaecellense
2348 3311 2349 3332 ¹

1977 3427 2104 3517 dignis.
2150 3422 2285 3548 Datum

1988 4718 2114 4811 oppido
2138 4719 2175 4788 et
2196 4711 2332 4786 iortalit

2147 4929 2221 5004 Nos
2250 4927 2340 4998 Heni

1990 5041 2117 5113 Dawca
2139 5041 2265 5110 notum
2288 5034 2325 5104 ia

1993 5151 2104 5221 simus
2128 5147 2304 5240 princeps,

1997 5253 2159 5328 dominus
2183 5255 2304 5324 noster

1994 5361 2086 5436 iacto
2121 5359 2241 5455 oppidi
2265 5377 2326 5428 mu

1994 5469 2082 5542 latos
2106 5475 2144 5543 et
2164 5469 2315 5540 barones

1997 5577 2086 5650 eiam
2110 5564 2223 5672 ipsius
2247 5575 2341 5646 omn·
