4448 6210
205 420 280 536 ai
326 486 331 494 ·

206 660 495 754 ,compromisst
526 657 620 752 quod
644 662 681 732 in
705 655 872 732 omnibus
895 663 932 733 et
953 677 1018 752 per
1037 660 1162 732 omnia
1190 656 1297 733 robur
1319 676 1427 732 suum
1449 658 1640 732 volnemnt
1661 659 1748 738 ohti-

207 786 324 853 „uere
370 766 616 841 concedentes
640 767 745 840 dictis
768 765 925 840 dominis
953 768 1277 860 compromissarijs
1306 770 1521 861 potestatem
1545 770 1582 839 et
1603 769 1745 845 manda-

206 879 307 963 „tum
331 895 441 968 super
462 877 630 949 omnibns
654 880 691 947 ot
713 875 866 967 singulis
888 876 1085 967 premissis,
1108 879 1185 949 tam
1200 874 1400 948 secundum
1418 875 1572 947 ionnam
1595 877 1632 946 et
1652 877 1746 953 tene

207 1003 306 1068 „rem
329 982 414 1056 dicti
440 985 699 1077 compromissi,
724 1004 833 1075 quam
853 984 964 1067 aliter,
988 990 1094 1075 prout
1115 985 1170 1055 eis
1185 984 1359 1076 placuerit
1373 987 1410 1055 et
1428 984 1556 1055 melius
1571 980 1747 1060 videbitur

206 1090 437 1176 „arbitrandi
461 1090 659 1177 ordinandi,
683 1088 941 1175 sentenciandi,
964 1091 1210 1184 componendi,
1236 1089 1441 1175 mandandi,
1472 1089 1690 1183 precipicudi
1713 1101 1747 1168 et

134 1224 137 1231 “
206 1197 397 1282 ,‚iaciendi‚
422 1204 460 1272 et
481 1201 668 1290 signanter
690 1197 785 1272 dicto
809 1197 952 1271 domino
975 1197 1121 1271 Nicolao
1133 1198 1410 1292 archiepiscopo,
1434 1217 1558 1270 comm
1572 1196 1745 1276 ordinario

207 1306 355 1390 „omnia
377 1309 414 1379 et
436 1306 897 1410 singrrlapredecessonrm
919 1325 1077 1391 anonim,
1109 1306 1458 1399 archiepiscopemm
1481 1310 1628 1391 stamta,
1659 1308 1745 1383 ordt

208 1416 411 1499 „naciones
443 1417 725 1508 composiciones
748 1420 785 1487 et
808 1413 955 1486 arbitria
976 1415 1163 1506 premissis
1191 1435 1256 1485 seu
1280 1413 1389 1487 alicui
1410 1435 1454 1486 ex
1477 1415 1540 1498 eis,
1571 1433 1640 1505 que
1664 1412 1746 1490 dicti

209 1519 367 1607 „domini
389 1525 691 1615 compromissarii
718 1523 879 1594 arbitrati
892 1521 1028 1594 fuerint
1050 1527 1087 1594 et
1104 1521 1350 1606 ordinauerint
1371 1525 1410 1593 in
1433 1522 1551 1613 aliquo
1575 1525 1747 1597 contrarh

207 1634 268 1713 „et
288 1620 517 1727 obsistencia,
549 1622 664 1702 eciam
687 1632 908 1715 iuramentis,
932 1631 1129 1722 promissis,
1155 1629 1447 1721 obligacionibua,
1471 1629 1587 1722 pactis
1609 1634 1647 1700 et
1669 1650 1747 1724 apo·

207 1737 367 1821 ,stolicis
390 1741 428 1809 et
445 1739 737 1829 quibuscumque
761 1738 843 1831 aiijs
867 1732 1206 1810 confirmacionib'ns'
1229 1737 1394 1810 roborata
1423 1742 1460 1809 et
1481 1738 1584 1830 penis
1606 1736 1746 1825 vadato,

208 1865 420 1937 „processus
449 1865 590 1938 quoque
613 1851 651 1918 et
672 1847 875 1918 sentencias
898 1844 982 1917 inde
1005 1848 1156 1918 secutas-
1172 1848 1210 1917 et
1231 1843 1348 1917 iactas
1369 1843 1528 1929 tollendi,
1557 1844 1746 1934 anuflandi

208 1951 403 2039 „irritandi
438 1953 604 2026 cassandi
640 1957 676 2026 et
710 1953 847 2024 viribus
880 1953 1059 2025 vacuandi
1094 1973 1137 2025 ac
1167 1973 1276 2046 super
1298 1951 1505 2026 huiusmodi
1539 1951 1755 2026 iuramentis

208 2081 317 2144 „cum
339 2061 502 2155 partibus
526 2061 662 2135 eisdem
686 2060 918 2154 dispensandi
951 2067 987 2132 et
1010 2059 1206 2132 arbitrandi
1230 2081 1273 2132 ae
1295 2058 1479 2133 statuendi
1509 2063 1629 2152 partes
1652 2062 1747 2154 ipsas

209 2171 328 2252 „omni
352 2169 539 2242 commodo
563 2189 686 2241 eorum
710 2188 831 2241 carcre
854 2173 891 2240 et
913 2168 1085 2241 eiieetum
1108 2167 1178 2240 sub
1201 2188 1295 2261 pena
1316 2170 1354 2240 in
1377 2167 1472 2240 dicto
1495 2170 1748 2260 compromisso

209 2274 373 2360 „adiecta
395 2282 432 2349 et
455 2282 632 2350 contenta.
680 2277 795 2370 Super
824 2277 956 2368 quibua
986 2276 1153 2350 omnibus
1177 2281 1214 2348 et
1235 2277 1389 2368 siugulis
1411 2277 1598 2367 premissis
1620 2269 1746 2367 prefati

209 2384 366 2469 „dondni
399 2383 522 2457 arbitri
554 2390 590 2456 et
620 2387 921 2478 compromissarij
955 2392 1146 2477 partesque
1174 2383 1342 2456 hincinde
1372 2387 1558 2476 pecierunt
1579 2383 1648 2454 sibi
1671 2383 1746 2456 fieri

209 2497 267 2575 „et
300 2493 431 2565 confici
462 2512 527 2585 per
560 2512 626 2595 noa
661 2495 819 2566 notarios
835 2523 838 2528 ·
854 2481 1101 2584 infrascriptos
1138 2511 1252 2563 virum
1273 2491 1330 2562 rol
1366 2491 1472 2583 plura
1503 2495 1540 2561 et
1570 2489 1749 2581 quodquot

210 2603 437 2683 „necessaria
465 2600 600 2672 fuerint
626 2600 771 2692 publica
792 2601 1041 2672 instromenta.
1089 2597 1180 2670 A'ct'n
1204 2602 1289 2670 sunt
1311 2597 1380 2670 hec
1402 2595 1520 2681 anno,
1542 2596 1747 2683 indiccione,

210 2707 455 2798 „pontificatu
480 2706 548 2792 die,
581 2727 716 2792 mense,
746 2706 844 2791 hora,
875 2707 963 2790 ioco,
994 2707 1124 2798 quibus
1149 2726 1268 2799 supra.
1315 2704 1560 2778 Preaentibua:
1592 2703 1748 2797 preclaro

210 2817 393 2907 „principe
424 2816 568 2888 domino
592 2814 749 2887 Iohanne
771 2816 911 2887 seniore
935 2814 1026 2887 duce
1049 2814 1208 2887 hiaaouie
1231 2835 1274 2886 ac
1297 2813 1492 2886 venerabili
1516 2816 1552 2885 et
1573 2812 1749 2885 nobilibus

211 2924 330 3008 „viria
356 2921 526 3004 dammis:
571 2922 728 2995 Iohanne
750 2921 848 2995 Pelia
870 2925 1049 3015 preposito
1072 2921 1343 2994 Crusawiciensi
1366 2925 1403 2993 et
1433 2923 1604 2993 canonico
1628 2919 1749 2992 Graco

208 3031 366 3114 „uiensi
390 3030 516 3102 iacebo
539 3030 697 3124 palatino
721 3029 937 3122 Syradiensi,
968 3030 1071 3102 Petro
1095 3029 1350 3103 Schairanieca
1377 3028 1641 3101 subcamerario
1672 3025 1750 3102 Ora·

212 3140 394 3222 „comensi
422 3158 464 3211 ac
494 3136 647 3211 Iarosiae
670 3136 865 3210 aroxilliiero
890 3138 1133 3222 Pozuauiensi,
1163 3136 1315 3210 testibus
1339 3135 1386 3208 ad
1408 3138 1586 3229 premissa
1606 3135 1749 3227 rogatis

212 3244 280 3330 „Et
301 3264 368 3336 ego
390 3245 567 3318 iohannes
589 3244 772 3318 Budeonis
795 3239 1015 3335 deoaerici,
1040 3246 1191 3317 clericus
1214 3244 1434 3317 Gnezucnsis
1454 3242 1617 3330 diocesis,
1640 3241 1750 3335 pubii-

212 3373 300 3437 ‚,cus
323 3353 500 3446 imperiali
530 3356 742 3444 auctoritaie
771 3356 943 3436 notarius,
973 3352 1155 3446 predictis
1185 3353 1459 3436 rathiiicaoioui,
1491 3350 1749 3444 approbationi,

212 3461 483 3546 „deelaracioni
507 3462 697 3552 potestatis
720 3460 918 3546 tradicioni,
942 3466 979 3532 et
1001 3452 1245 3545 conuenci‘oni,
1271 3481 1313 3532 ac
1336 3460 1419 3551 aiijs
1435 3459 1601 3532 omnibus
1624 3463 1662 3531 et
1683 3449 1750 3530 sin·

211 3569 329 3660 „gruis
363 3570 560 3662 premissis,
596 3568 683 3641 dum
715 3570 778 3654 sic,
812 3575 853 3640 vi-
885 3568 1071 3661 preIertur,
1104 3588 1169 3661 per
1198 3572 1318 3661 partes
1348 3566 1528 3660 predictas
1557 3567 1688 3640 iierent
1717 3570 1751 3636 et

211 3682 434 3767 „agerentur
458 3696 615 3748 vnaeum
633 3675 827 3749 Benedicto
846 3676 979 3748 Mathia
994 3675 1038 3748 de
1054 3670 1186 3760 Merito,
1212 3675 1439 3768 iniraaeripto
1459 3674 1595 3747 notarh
1611 3674 1749 3769 publico

212 3790 273 3871 „et
294 3785 448 3858 testibus
470 3787 775 3877 supranominatis
798 3804 947 3877 presens
970 3783 1128 3869 intertui,
1160 3803 1273 3876 eaque
1295 3786 1348 3855 sic
1371 3783 1453 3855 iieri
1474 3782 1549 3854 vidi
1572 3787 1609 3855 et
1631 3779 1749 3855 audiui

212 3898 272 3978 „ct
293 3892 402 3965 simul
433 3894 618 3984 cumipse
642 3893 814 3983 magistro
839 3891 1031 3966 Benedicto
1061 3895 1099 3964 in
1123 3895 1246 3964 notam
1270 3893 1465 3984 conscripsi
1495 3910 1538 3961 ae
1561 3889 1606 3962 de
1629 3893 1750 3962 mutuo

212 4006 272 4085 „et
306 3999 472 4072 concordi
509 4019 687 4072 consensu
718 4001 880 4092 parcium
912 3999 1153 4092 predictorum
1185 4020 1242 4071 me
1273 4005 1310 4070 et
1340 4002 1419 4092 ipso
1449 3996 1642 4070 Benedicta
1672 3998 1750 4088 aiijs

214 4107 418 4203 „impeditis
447 4109 619 4200 negociis,
650 4107 847 4200 paralium
879 4110 1021 4201 scripta,
1051 4110 1089 4179 iu
1118 4107 1212 4179 hanc
1241 4105 1422 4200 publicam
1445 4106 1598 4178 sormam
1622 4105 1749 4194 redegi,

214 4218 340 4306 „signo
364 4222 401 4287 et
423 4218 568 4288 nomine
600 4217 689 4287 meis
712 4217 827 4286 solitis
852 4222 888 4287 et
911 4218 1093 4287 consuetis
1117 4214 1372 4305 consignando,
1402 4217 1442 4286 in
1464 4213 1575 4286 iidem
1599 4219 1635 4285 ct
1657 4211 1750 4285 testi·

212 4326 396 4410 „monium
429 4325 687 4416 premissonrm
726 4324 928 4413 requisitus.
974 4321 1021 4395 Et
1053 4342 1118 4412 ogo
1149 4321 1365 4395 Benedictus
1399 4321 1533 4394 Mathia
1563 4321 1607 4394 de
1631 4322 1751 4393 Modta
1813 4336 1816 4342 ⁴

215 4433 390 4516 „clericus
414 4431 634 4504 (ineznensis
664 4430 828 4514 diocesis,
853 4430 1017 4523 publicus
1041 4429 1218 4523 imperiali
1243 4432 1454 4502 auctoritate
1478 4432 1648 4514 notarius,
1678 4446 1750 4521 prc-

214 4539 343 4624 „dictis
373 4539 619 4624 ratificacioni,
657 4538 917 4632 approbationi,
958 4539 1203 4623 deciaracioni,
1244 4539 1478 4610 couuencioni
1504 4542 1543 4609 et
1568 4535 1750 4631 potestatis

215 4647 426 4731 „tradicioni
457 4667 499 4718 ac
531 4648 612 4738 alijs
643 4647 809 4718 omnibus
839 4651 875 4717 et
903 4647 1054 4734 singulis
1077 4649 1274 4739 premissis,
1310 4645 1395 4717 dum
1419 4646 1482 4730 sic,
1506 4650 1546 4716 vt
1568 4646 1750 4737 protertur,

214 4775 303 4849 „per
323 4761 444 4848 partes
467 4754 646 4848 predictas
671 4754 800 4826 iierent
823 4757 859 4825 et
883 4760 1082 4844 agerentur,
1106 4773 1262 4826 vnacum
1285 4752 1455 4846 predictis
1479 4752 1634 4826 Iohanne
1657 4755 1751 4824 neta·

213 4866 290 4948 „rio
314 4868 350 4934 et
373 4861 525 4934 testibus
549 4880 697 4955 presens
724 4861 882 4945 interfui,
918 4883 1030 4953 eaque
1066 4865 1118 4934 sic
1149 4863 1228 4934 fieri
1259 4861 1332 4932 vidi
1364 4867 1399 4932 et
1430 4861 1552 4933 audiui
1582 4865 1618 4932 et
1647 4853 1750 4932 simui

214 4990 322 5057 „cum
345 4974 422 5062 ipso
445 4969 602 5042 iohanne
626 4971 662 5041 in
686 4976 808 5042 uotam
833 4972 1027 5062 conscripsi
1052 4991 1094 5041 ac
1118 4969 1162 5041 de
1183 4975 1306 5041 rnutuo
1331 4975 1367 5041 et
1390 4968 1554 5042 concordi
1578 4983 1750 5041 consensu

213 5082 399 5172 „parcium
431 5077 681 5173 predictarum,
715 5099 774 5149 me
807 5079 888 5170 alijs
912 5077 1083 5170 impedito
1107 5080 1277 5170 negocijs,
1309 5099 1372 5170 per
1403 5078 1510 5148 alium
1543 5078 1686 5170 scripta,
1715 5073 1750 5142 in

212 5189 332 5272 „hauc
354 5185 536 5279 publicam
560 5186 713 5258 iormanr
737 5185 869 5276 redegi,
894 5188 996 5276 signo
1021 5190 1057 5285 et
1080 5189 1224 5257 nomine
1249 5187 1337 5258 meis
1359 5185 1476 5275 solitis
1500 5179 1749 5276 corrsignanda
1822 5208 1825 5215 ·

211 5295 430 5389 „reqrusitus
454 5296 492 5366 in
515 5295 760 5375 testimoninm
784 5296 1072 5407 premissorum.“

1935 636 1937 640 y
2097 538 2191 634 fiand

1936 659 2104 735 erasnm
2131 661 2191 753 epi:

1938 768 2191 862 compositores

1939 876 2191 971 peticionem1

1938 987 2030 1056 state
2059 981 2191 1055 nobisi

1941 1090 2062 1183 iudicij
2087 1091 2181 1162 inter

1940 1200 2008 1272 bus
2031 1203 2069 1271 et
2089 1200 2191 1288 singu

1940 1307 2171 1381 munimentis

1941 1413 2191 1505 aaronque<

1940 1524 2130 1618 propositis
2152 1527 2189 1594 et

1942 1632 2191 1704 communicate

1942 1736 2127 1813 terendam
2148 1756 2191 1833 pr

1943 1850 2047 1922 dictis
2069 1843 2191 1918 Nicola

1942 1954 2086 2032 Nicolae
2103 2042 2105 2046 Α
2121 1954 2191 2025 vice

1943 2062 2099 2147 Nicolao,
2115 2059 2191 2133 Bror

1944 2171 2191 2260 Gneanensis]

1943 2282 2107 2354 obstante
2147 2278 2191 2348 ini

1944 2389 2089 2470 mensis,
2118 2387 2191 2457 nost

1946 2489 2191 2590 episcopum}

1949 2609 1985 2676 et
2005 2600 2191 2697 pronuncia

1946 2710 2191 2796 tur,contine1

2105 2816 2191 2888 Iun

1946 2934 2067 3000 tamen
2116 2942 2191 2996 amo

1948 3035 2067 3107 dilecti
2086 3030 2191 3130 ⁸nohis

1948 3142 2095 3215 Iacobus
2129 3138 2190 3210 Pal

1948 3249 2114 3321 Nicolaus
2144 3247 2191 3318 vir

1950 3360 2106 3439 Modico,
2136 3353 2191 3446 Bii

1951 3463 2172 3554 Dacahogius

1952 3573 2099 3644 ecclesie
2114 3570 2191 3644 Gne:

1952 3680 2125 3772 expensis,
2155 3678 2191 3749 la

1953 3806 2060 3883 super
2092 3785 2191 3856 villar

1955 3895 2191 3966 consistenciu

1955 4020 2106 4093 cumque
2139 3999 2191 4070 rbi

1954 4111 2126 4199 regimine
2153 4111 2189 4178 et

1957 4217 2128 4300 sionibus,
2151 4217 2191 4286 ini

1957 4344 2034 4413 que,
2067 4329 2191 4415 sponte

1958 4431 2191 4523 disposicioni,

1959 4539 2133 4622 uentibus,
2158 4537 2191 4608 dr

1960 4644 2108 4717 duorum
2137 4645 2191 4716 mii

1960 4755 2157 4844 singulares

1961 4860 2116 4933 incident
2139 4865 2176 4931 et

1962 4985 2024 5040 nos
2064 4988 2184 5058 regern

1963 5077 2109 5148 ecclesie
2134 5075 2191 5147 (in

1964 5180 2145 5255 deliberati
2176 5203 2191 5253 c

1965 5288 2186 5383 supplicandi
