4714 6364
330 464 397 605 na

332 734 408 805 179.
456 735 555 805 1411.
580 729 638 806 dle
660 733 693 804 9.
717 723 852 804 mensis
874 715 977 818 Iunii,
1001 713 1176 818 Gnaeum.

468 869 734 1024 ‘smnivogrus
776 929 822 1003 de
865 931 1032 1018 Ostrorop
1076 929 1256 1024 palatinus
1298 925 1551 1008 Posnaniensis
1589 936 1626 1006 et
1662 928 1864 1027 capltaneus

329 1037 474 1114 Maioris
496 1039 664 1113 Polonlae
686 1045 802 1112 ratam
826 1059 906 1112 esee
921 1038 1021 1112 iubet
1033 1037 1277 1112 venditionem
1291 1039 1398 1114 villae
1419 1043 1588 1130 Brasaca
1611 1061 1633 1113 a
1655 1041 1864 1142 Sandiroglo

331 1147 375 1222 de
397 1151 533 1222 Sturii
555 1147 702 1222 Nicolao
726 1145 991 1242 archiepiscopo
1016 1145 1216 1220 Gnesnensi
1239 1146 1323 1221 CCC
1345 1151 1477 1222 marcis
1499 1149 1644 1222 lectam.

296 1401 299 1408 .
490 1345 565 1421 Nor
589 1345 849 1438 Sandaiuogius
873 1344 919 1418 de
941 1346 1109 1434 Ostrorcp
1131 1343 1312 1438 palatinus
1327 1299 1579 1420 Poznaniensis
1602 1352 1640 1421 et
1661 1351 1863 1443 capitaneus

327 1457 472 1532 Maioris
496 1455 849 1546 Polonlegeneralis,
880 1453 1130 1544 significamus
1153 1458 1275 1526 tenore
1297 1457 1534 1546 presencium,
1564 1455 1694 1547 quibus
1717 1463 1862 1556 expedit,

327 1566 517 1649 sarnensis,
541 1564 637 1656 quod
660 1563 706 1637 ad
728 1568 889 1636 nostram
912 1566 949 1634 et
972 1561 1122 1634 aliorum
1144 1565 1238 1641 terre
1261 1561 1423 1634 eiusdem
1445 1562 1619 1636 nobilium
1646 1573 1861 1657 presenciam

193 1757 194 1762 Ν
327 1677 477 1756 veniens
499 1674 629 1751 nobilis
652 1671 913 1762 Sandaiuogius
936 1668 981 1741 de
1002 1670 1156 1758 saurus,
1180 1689 1253 1742 non
1276 1676 1432 1756 coactus,
1462 1691 1534 1742 non
1558 1673 1775 1765 compulsus,
1802 1697 1863 1756 nso
2000 1654 2013 1754 ⁵,

330 1781 449 1874 aliquo
465 1853 467 1857 ,
483 1801 601 1854 errore
634 1779 815 1864 seductus,
846 1797 958 1851 sanus
994 1781 1115 1849 monte
1144 1781 1182 1850 et
1216 1797 1361 1870 corpore
1393 1781 1560 1864 existens,
1599 1800 1642 1852 ex
1677 1780 1862 1864 deliberato

297 1958 300 1964 .
329 1893 459 1977 animo,
477 1892 624 1962 'maturo
648 1887 795 1962 consilio
828 1889 1026 1959 amicorum
1058 1904 1205 1981 suorum
1237 1885 1433 1979 prehabito,
1469 1907 1573 1964 suam
1604 1892 1718 1964 totam
1746 1892 1861 1972 villam

328 2003 365 2071 et
387 1997 624 2070 hereditatem
645 1999 811 2086 Brasaca
820 1999 846 2083 ¹)
869 1997 909 2066 in
931 1993 1097 2068 dimrlctu
1111 1993 1443 2106 Gneanensisitam,
1465 2015 1532 2088 pro
1553 1997 1722 2070 trecentis
1737 2007 1860 2078 marcis

327 2125 536 2197 grossorum
565 2105 730 2190 laborum,
765 2105 907 2176 numeri
941 2099 1162 2187 Polonicalis,
1195 2101 1493 2176 reuerentissimo
1522 2105 1562 2174 in
1591 2101 1732 2176 Christo
1764 2114 1860 2200 petri,

328 2213 473 2287 domino
495 2213 641 2285 Nicoleo
674 2211 941 2304 archiepiscopo
973 2214 1010 2282 et
1039 2209 1188 2282 ecclesie
1218 2228 1284 2281 sue
1313 2213 1438 2282 sancte
1467 2209 1667 2310 Gnepnensi
1690 2231 1734 2284 ac
1755 2215 1861 2312 ipsius

330 2321 609 2406 successoribus,
634 2323 804 2392 canonice
825 2318 1052 2402 intrantibus
1074 2319 1143 2390 rita
1166 2320 1203 2389 et
1224 2316 1486 2397 racionabiliter
1506 2321 1676 2412 perpetuo
1698 2307 1861 2414 vendidit,

330 2449 415 2502 cum
438 2429 605 2502 omnibus
627 2427 842 2500 rtilitaiibus
865 2431 903 2498 et
925 2424 1191 2519 appeudeaoijs,
1214 2424 1382 2497 videlicet
1403 2428 1552 2519 campis,
1582 2429 1689 2517 agris,
1719 2427 1860 2524 allodijs,

326 2540 450 2631 pratis,
474 2538 631 2630 pascuis,
655 2535 768 2617 siluis,
790 2533 916 2618 borris,
939 2535 1044 2624 geijs,
1068 2535 1221 2616 mericis,
1245 2533 1461 2618 nemoribus,
1484 2533 1631 2618 rubetis,
1664 2533 1859 2632 mellilicijs,

325 2645 488 2730 lacubus,
516 2644 654 2736 iluuijs,
671 2645 847 2736 ,piscinis
877 2641 1035 2726 iossatis,
1068 2641 1282 2734 piscaturis
1304 2639 1528 2726 molendinis,
1562 2644 1665 2732 aquis
1687 2646 1725 2714 et
1746 2662 1859 2720 cerum

328 2752 539 2826 decursibus
563 2755 600 2824 et
621 2751 836 2843 generaliter
858 2769 941 2822 cum
964 2749 1132 2821 omnibus
1156 2753 1193 2820 et
1214 2749 1367 2839 singulis
1382 2750 1625 2842 pertinenciis,
1648 2749 1758 2824 nichil
1780 2754 1860 2830 luris

327 2867 364 2934 ei
387 2860 536 2952 dominil
570 2879 635 2953 pro
670 2879 709 2931 se
742 2862 779 2930 et
810 2860 887 2928 suis
924 2855 1192 2928 successoribus
1223 2855 1450 2941 reseruando,
1484 2877 1605 2930 coram
1638 2858 1742 2930 nobis
1770 2879 1860 2939 moro

328 2969 432 3042 solito
455 2969 664 3058 resignauit,
688 2971 859 3059 perpetuo
882 2963 1085 3050 tenendam,
1109 2963 1323 3048 habendam,
1345 2963 1611 3056 possidendam,
1633 2966 1858 3052 vendendam,
1960 2978 1961 2981 ‘

327 3074 568 3166 obligandam,
593 3072 830 3158 alienandam,
854 3071 1116 3145 emendandam
1139 3076 1176 3143 et
1197 3074 1237 3144 in
1258 3091 1347 3144 vaus
1369 3091 1455 3156 suos
1478 3092 1522 3145 ac
1544 3072 1858 3167 suorumbenepla·

327 3186 494 3272 cltum(s)
531 3181 819 3266 conuertendam,
851 3183 957 3274 prout
986 3179 1055 3252 sibi
1086 3177 1181 3252 dicto
1210 3177 1353 3252 domino
1385 3179 1651 3274 archiepiscopo
1673 3181 1733 3264 ucl
1754 3184 1858 3274 ipsius

327 3292 478 3364 ecclesio
501 3295 626 3362 sancte
650 3283 687 3361 et
704 3287 972 3362 successoribus
987 3287 1117 3360 melius
1140 3291 1177 3359 ot
1198 3287 1322 3359 utilius
1337 3286 1520 3360 uidebitur
1534 3287 1708 3388 expedire.
1754 3289 1857 3378 Quam

325 3399 576 3472 vendicionem
606 3402 643 3470 et
672 3399 787 3469 eciam
816 3398 1101 3487 resignacicnem
1136 3392 1359 3480 admisimus,
1394 3395 1656 3473 ratiiicauimus
1684 3401 1721 3470 et
1742 3397 1858 3469 coniir·

326 3508 520 3591 manimus,
556 3503 792 3590 admittimus,
825 3503 1050 3576 ratificamus
1087 3507 1123 3575 et
1156 3502 1382 3596 presentibus
1412 3503 1669 3576 confirmamus
1699 3509 1857 3598 perpetuo

325 3614 402 3688 iore
425 3612 629 3689 tenendam.
675 3611 716 3684 Iri
737 3614 842 3684 cuius
864 3613 917 3683 rei
939 3613 1185 3683 testimonium
1209 3611 1368 3700 sigillum
1384 3615 1547 3684 nostmm
1568 3612 1793 3705 presentibus
1810 3615 1859 3704 esi¹

327 3737 538 3816 appensum.
583 3722 718 3792 Actum
743 3723 780 3791 et
801 3719 927 3791 datum
958 3719 1099 3792 Gneane
1128 3717 1221 3790 ieric
1241 3721 1353 3790 tercia
1381 3723 1464 3811 post
1491 3719 1627 3793 iestum
1649 3724 1773 3794 sancte
1793 3695 1869 3790 'ihs

326 3831 461 3915 nitatis,
493 3847 586 3901 anno
617 3827 763 3900 Domini
792 3826 983 3898 millesimo
1014 3825 1366 3918 quadringentesimo
1395 3827 1595 3900 undecimo.
1641 3823 1856 3901 Presantibus

326 3939 508 4010 strennuis
545 3940 581 4007 et
614 3935 793 4008 nobilibus
816 3937 915 4020 viris,
949 3934 1117 4007 dominis:
1163 3933 1319 4007 Iohanne
1351 3933 1396 4006 de
1428 3938 1624 4008 Krolicowo
1659 3933 1855 4016 Gnoanensi,

324 4045 482 4118 Iohanne
505 4044 550 4117 de
575 4045 761 4116 Toliscowo
776 4042 988 4115 Kalissiensi
1003 4043 1217 4128 castellanis,
1240 4043 1397 4115 Iacussio
1417 4043 1504 4116 luka
1519 4043 1564 4115 dc
1579 4047 1737 4116 Viteeino
1751 4039 1856 4116 iudico

327 4153 530 4238 Kalisiensi
566 4153 720 4224 iaroslao
748 4151 992 4235 Poznaniensi,
1025 4151 1127 4232 Petro
1160 4150 1205 4221 de
1237 4155 1418 4240 Zpraailcy
1449 4150 1641 4224 Kalisionsi
1662 4147 1854 4224 vexilliieris

327 4267 364 4335 ot
400 4261 558 4333 Iohanne
595 4259 834 4349 Braozoglowi
870 4257 914 4330 de
945 4260 1174 4348 Salacczpao
1205 4262 1391 4350 capitaneo
1421 4259 1674 4350 Bydgostlensi
1711 4277 1754 4333 ac
1784 4253 1855 4342 ai'u's

324 4369 489 4462 pluribus
512 4367 666 4439 testibus
689 4366 883 4458 iidedignis
908 4366 954 4439 ad
976 4370 1153 4460 premissa
1174 4369 1311 4439 vocatis
1334 4371 1372 4438 et
1392 4369 1539 4458 rogatis.

313 4623 322 4642 ‚,
489 4564 655 4622 Dokurnent
672 4547 892 4639 purgaminorry,
910 4563 1109 4638 pnechovrany
1136 4581 1162 4622 rr
1188 4563 1342 4622 archivum
1369 4563 1501 4640 kapitnly
1528 4560 1759 4640 metropoliialcei
1784 4555 1853 4631 gnie·

326 4654 481 4725 tniehekiej
501 4655 551 4726 (N.
569 4655 643 4726 323),
662 4661 816 4728 opatraony
835 4653 884 4728 byi
902 4653 1065 4728 pierwotnle
1082 4651 1168 4726 iedne
1184 4655 1330 4729 pieczecir,
1355 4671 1392 4730 pc
1409 4653 1500 4728 hidrei
1520 4655 1601 4730 tyllrc
1618 4651 1737 4712 mnurek
1753 4669 1769 4708 a
1784 4657 1854 4732 peith

324 4763 403 4820 wege
420 4743 562 4816 jedwabiu
579 4743 714 4818 porcani
1095 4801 1098 4804 ,

489 4925 511 4999 ¹)
530 4923 670 4996 Bpeuwa,
689 4921 752 4982 dcii
769 4923 836 4982 erist
853 4923 892 4995 tei
912 4941 1009 4998 cury
1026 4941 1052 4981 rr
1069 4941 1140 5000 porr.
1158 4923 1383 4999 gnieinierishim
1400 4926 1449 4984 cle
1466 4925 1586 4999 inimicia

1955 2859 1956 2862 .
2041 2788 2165 2880 purelii
2188 2736 2344 2866 otorowsl

2042 2899 2191 2969 crastino
2222 2899 2344 2973 beator

2040 3001 2203 3076 Nicolaus
2218 3005 2344 3082 archid

2040 3114 2163 3204 custos¹
2189 3113 2344 3188 Poanani

2041 3216 2186 3292 llichael
2222 3221 2344 3296 Bhden

2037 3330 2182 3412 anensis,
2220 3329 2344 3404 Petrus

2037 3451 2142 3506 conus
2180 3436 2344 3518 Pczewen

2036 3537 2344 3618 bartholomeusli

2036 3643 2155 3721 Petrus
2183 3651 2340 3740 Luciani,

2035 3751 2214 3852 Bronissij,
2236 3759 2344 3834 Nicob

2034 3879 2097 3948 gns
2120 3869 2281 3940 canonici
2301 3867 2344 3941 Po

2186 4063 2341 4124 melnvmn

2191 4244 2211 4316 ¹)
2234 4244 2344 4318 Cium

2229 4333 2344 4392 earm

2228 4424 2344 4483 maroa

2231 4515 2344 4589 (imru

2226 4601 2344 4663 iheum

2228 4695 2344 4756 Prasii
