4720 6360
357 331 424 430 rbi

356 640 434 712 tot.
482 639 581 712 1409.
606 633 665 710 dle
689 641 741 758 iil.
766 636 902 712 mensis
924 634 1015 725 Iulii,
1038 628 1236 712 Lenciciee
1369 601 1374 614 ’

518 924 644 998 Petms
668 925 873 1000 Scatranlec
894 925 1181 998 subcamerariue
1213 923 1458 998 Cracoviensis
1486 931 1523 998 et
1545 923 1753 1022 capitaneus
1775 916 1890 1016 [ηαξ

356 1035 487 1106 ciensis
521 1035 908 1122 testetur‚1acussium
945 1032 990 1106 de
1025 1033 1181 1122 scupea
1213 1053 1296 1106 cum
1328 1034 1475 1108 Nicolso
1513 1033 1777 1130 archiepiscopo
1808 1041 1890 1122 (irre⁴

355 1145 478 1215 snensi
502 1147 641 1236 purtem
663 1144 770 1217 uillae
792 1145 949 1231 scupea
971 1141 1057 1216 ville
1081 1143 1280 1214 removeo
1302 1147 1585 1252 commutasse-K

516 1429 558 1504 ln
579 1435 724 1506 nomine
746 1431 893 1504 Domini
922 1451 1038 1502 amen.
1085 1429 1260 1518 Quoniam
1290 1431 1414 1504 multis
1444 1371 1633 1504 dubiorum
1662 1433 1890 1518 incommodis

2015 991 2165 1064 enimus
2184 990 2233 1062 ru.
2251 987 2324 1054 erar
2342 1082 2343 1087 Ν

1965 1160 1969 1161 ⁷
2015 1089 2188 1152 serrium,
2205 1094 2243 1154 1³⁰
2331 1088 2349 1121 ·’

355 1543 443 1611 tunc
463 1537 659 1632 pmdenter
681 1541 912 1624 occurrimus,
943 1536 1031 1610 dum
1047 1543 1164 1629 ‚geste
1193 1541 1299 1610 etatis
1322 1543 1443 1612 nostre
1469 1539 1655 1612 literarum
1676 1540 1837 1633 apicibus
1857 1559 1891 1626 st
1969 1548 1971 1559 ’
2073 1503 2082 1525 ’

353 1649 502 1719 testium
530 1650 765 1720 cunctacione
796 1645 1072 1740 perbennamus,
1106 1645 1255 1739 proinde
1284 1665 1350 1720 nos
1384 1646 1510 1719 Petrus
1541 1645 1793 1722 Sebatirenece
1814 1655 1889 1729 sub
2013 1693 2019 1704 ·

355 1757 573 1826 carnmmme
612 1754 859 1828 cracomcnsts
891 1760 930 1826 et
952 1757 1161 1846 capitaneus
1200 1753 1452 1839 Lanciciensis,
1474 1753 1742 1844 ‚signiiicamue
1775 1761 1889 1838 tenore

301 1863 306 1870 ’
353 1865 581 1955 presencium
602 1865 792 1948 uniuersis,
820 1867 896 1941 tam
919 1861 1156 1953 presentibus,
1187 1881 1296 1952 quom
1318 1861 1461 1946 tuturis,
1492 1861 1587 1953 quod
1610 1861 1656 1934 sd
1678 1865 1889 1946 nostramet

354 1969 550 2043 multumne
582 1971 758 2046 baronum
793 1991 837 2042 ec
863 1964 1038 2042 nobilium
1069 1967 1174 2041 nobis
1207 1967 1459 2054 assidencium,
1491 1971 1639 2042 veniens
1672 1977 1888 2062 presenciam
1967 2064 1970 2067 Δ
2104 1979 2107 1986 ’

353 2077 483 2150 nobilis
505 2077 687 2152 Iecussius
716 2077 822 2150 heres
853 2077 898 2149 de
927 2078 1093 2164 stupea,
1124 2096 1236 2149 senus
1267 2081 1387 2150 mente
1416 2081 1455 2148 et
1476 2096 1631 2170 corpore,
1654 2097 1728 2154 non
1750 2087 1888 2158 coactus

353 2206 421 2257 nec
443 2187 662 2279 compulsus,
698 2205 815 2278 nsque
850 2184 968 2275 aliquo
1002 2203 1118 2256 errore
1140 2183 1322 2270 seductus,
1353 2183 1418 2256 sed
1450 2183 1616 2258 decerta
1644 2205 1712 2258 sue
1741 2189 1889 2264 sciencie
1973 2240 1975 2245 >

353 2297 561 2388 montanee,
591 2313 809 2385 suommque
831 2292 946 2364 iratum
970 2291 1118 2364 consilio
1142 2293 1348 2378 amiconrm,
1378 2293 1526 2364 totalem
1555 2297 1593 2364 et
1622 2297 1737 2365 totem
1758 2299 1888 2388 p'ertem

354 2421 468 2486 suam,
493 2421 603 2493 quam
626 2404 665 2474 in
688 2401 786 2476 dicta
806 2400 894 2472 villo
915 2400 1110 2488 Staseas)
1133 2402 1172 2470 in
1194 2404 1291 2471 terre
1319 2399 1543 2472 lanciciensi
1566 2403 1646 2485 site,
1677 2421 1720 2472 ex
1749 2405 1890 2495 peteme

327 2511 582 2582 ,successione
615 2508 753 2594 hebuit,
784 2529 868 2580 cum
903 2510 1026 2597 egris·
1041 2509 1176 2600 pretis'
1196 2509 1343 2600 eampis,
1374 2507 1489 2593 siluis,
1519 2510 1673 2591 maricis,
1707 2515 1887 2600 quarcetts,

352 2617 569 2702 nemoribus,
604 2617 728 2703 bor'rts,
764 2615 971 2708 melliiicijs‚
1004 2613 1232 2700 molendinis·
1260 2614 1509 2700 emolimentis,
1540 2615 1702 2701 lacubus,
1737 2619 1888 2710 piscinis,
1978 2694 1980 2701 ,
2079 2623 2086 2638 “
2203 2615 2210 2630 ’

316 2735 318 2739 ’
353 2727 556 2818 piscaturis,
585 2724 763 2809 censibus,
786 2722 996 2808 redditibus,
1025 2723 1263 2814 omnibusque
1285 2721 1498 2794 utilitatibus
1521 2725 1594 2796 iarn
1618 2721 1723 2796 iactis
1748 2727 1888 2799 mistam

352 2833 449 2906 tibus
484 2837 521 2906 et
554 2829 697 2918 fiendis,
732 2833 1018 2923 quibuscumque
1058 2831 1263 2902 nominibus
1297 2832 1508 2916 vocitentur,
1541 2835 1647 2924 prout
1684 2830 1780 2904 dicte
1810 2853 1887 2925 pers

351 2939 511 3033 predicto
537 2940 622 3012 ville
659 2941 815 3028 stupea
842 2939 888 3011 ab
923 2939 1005 3031 elijs
1037 2938 1200 3032 partibus
1224 2942 1260 3011 et
1281 2937 1377 3010 villis
1409 2941 1447 3012 in
1486 2939 1561 3010 suis
1592 2938 1768 3012 limitibus
1789 2937 1888 3030 longe

351 3037 504 3139 lateque,
540 3046 916 3120 circumlerencieliter
947 3050 1004 3119 est
1037 3045 1217 3130 distincte,
1257 3049 1294 3116 et
1328 3049 1434 3138 prout
1469 3047 1587 3139 ipsam
1624 3051 1763 3139 pentem
1796 3047 1887 3119 solus

352 3157 479 3241 tenuit,
504 3174 588 3228 cum
611 3155 777 3227 omnibus
801 3156 877 3226 suls
900 3155 1143 3247 pertinenciis,
1167 3151 1278 3225 nichil
1292 3155 1392 3238 iuris,
1416 3151 1563 3246 dominil
1588 3153 1647 3226 uel
1669 3157 1887 3247 proprietatis

351 3263 539 3336 incudem
570 3267 671 3358 purte
694 3283 759 3356 pro
782 3283 822 3334 se
850 3262 917 3334 uel·
939 3263 1016 3334 suis
1046 3259 1314 3334 successoribus
1343 3260 1529 3350 legittimis
1552 3261 1777 3349 resemando,
1812 3281 1887 3334 cum

351 3369 546 3444 reuerendo
582 3373 621 3442 in
653 3369 795 3443 Christo
829 3373 941 3464 patre,
964 3369 1122 3462 {domino
1155 3367 1302 3442 Nicolao
1336 3373 1461 3441 senate
1493 3368 1711 3442 (lucanensis
1747 3369 1888 3442 ecclesie
2131 3373 2138 3388 ·
2294 3363 2302 3380 ·

353 3479 619 3573 archiepiscopo
641 3497 706 3571 pro
728 3478 815 3549 ville
838 3479 1094 3566 ilrumowccb
1123 3479 1160 3548 in
1183 3480 1280 3549 terra
1300 3475 1443 3549 Maioris
1468 3475 1611 3549 Polonie
1634 3480 1713 3563 site,
1743 3477 1887 3570 r'eceptis
1977 3556 1981 3563 ,

352 3585 545 3660 abeodem
569 3584 714 3659 domino
736 3585 883 3659 Nicolao
905 3583 1174 3678 archiepiscopo
1205 3587 1244 3656 in
1270 3584 1561 3678 supplementum
1583 3584 1715 3657 valoris
1737 3584 1887 3678 predicte

350 3698 463 3787 partis
496 3715 562 3767 sue
594 3693 874 3785 quadringentas
910 3713 1048 3765 mercss
1079 3693 1238 3764 lotorum
1263 3711 1471 3783 grossorum
1499 3691 1733 3783 Pregensium
1756 3709 1887 3786 permu-

351 3805 444 3875 tcuit
467 3807 503 3874 et
526 3804 621 3874 iusto
653 3803 932 3894 permutacionis
965 3801 1068 3874 titudo
1104 3819 1224 3873 coram
1256 3800 1359 3873 nobis
1387 3802 1594 3891 resignauit
1628 3820 1693 3894 per
1714 3798 1886 3894 prelatum

205 3942 211 3952 ·
352 3909 538 3983 dominum
560 3909 749 3982 Nicolaum
773 3907 1081 4002 archiepiscopum
1098 3909 1345 3982 Gneunensem
1361 3913 1397 3980 et
1410 3928 1637 3980 successores
1653 3928 1738 3981 suos
1762 3905 1886 3980 ercbie

350 4023 515 4111 piscopos
544 4017 771 4092 Gneznenses
802 4022 838 4089 et
869 4016 1003 4089 dictam
1035 4017 1279 4090 Gneznensem
1309 4017 1499 4088 ecclesiam
1531 4016 1733 4102 tenendam,
1763 4014 1886 4088 haben·

351 4125 444 4212 dem,
468 4125 675 4216 regendam,
698 4125 936 4210 rendendum,
961 4123 1264 4208 commutandam,
1287 4123 1528 4215 obligandam,
1553 4121 1779 4196 alienandum
1798 4126 1833 4194 et
1853 4122 1886 4190 in

349 4255 437 4306 rsus
470 4233 620 4306 ecclesie
656 4232 876 4306 Gneunensis
910 4233 1069 4326 predicte
1104 4232 1391 4318 conuertendam,
1428 4237 1491 4304 eut
1523 4253 1588 4325 per
1611 4253 1650 4304 sc
1673 4236 1709 4304 et
1732 4243 1885 4304 mensam

350 4361 454 4414 suern
479 4341 817 4434 erculepiscopalem
840 4340 1095 4434 possidendam
1124 4341 1346 4433 temporibus
1377 4341 1559 4433 perpetuis
1583 4338 1774 4412 duraturis.
1819 4335 1888 4408 Nos

301 4539 305 4547 Ι
348 4451 459 4539 igitur
480 4451 787 4540 permutacionem
820 4452 857 4520 et
888 4451 1172 4538 resignacionem
1205 4447 1365 4541 predicta
1398 4453 1478 4519 rato
1511 4452 1548 4520 et
1580 4453 1684 4538 grata
1706 4447 1883 4524 habentes,

349 4556 574 4649 presentibus
603 4555 854 4649 approbemus,
877 4556 1102 4628 ratificamus
1126 4555 1230 4628 etde
1253 4561 1375 4629 nostre
1402 4559 1499 4628 certa
1529 4558 1685 4630 sciencie
1707 4553 1885 4628 conlirma·

350 4685 442 4750 mus,
472 4661 703 4735 decernentes
728 4683 771 4736 es
793 4663 952 4736 obtinere
975 4663 1083 4736 robur
1104 4668 1276 4756 perpetue
1298 4664 1492 4734 firmitatis.
1538 4663 1578 4735 In
1602 4665 1703 4735 cuius
1722 4665 1774 4735 rei
1795 4656 1884 4731 testi·

350 4775 510 4843 monium
543 4776 728 4864 presentes
761 4771 869 4843 scribi
902 4776 939 4844 et
969 4774 1083 4843 nostri
1107 4775 1324 4864 appensione
1357 4771 1466 4861 sigilli
1500 4773 1672 4842 iussimus
1708 4763 1884 4842 comuniri-
1989 4804 1990 4807 π

347 4881 480 4950 Actum
504 4884 541 4950 et
564 4878 689 4952 datum
712 4879 878 4951 Lancicie
901 4880 993 4951 laria
1014 4885 1116 4950 sexta
1139 4885 1221 4972 post
1236 4879 1370 4950 iestum
1391 4881 1508 4950 sancti
1523 4879 1651 4970 Allexij
1668 4872 1884 4950 contessoris,

349 5007 441 5059 euno
465 4987 610 5058 Domini
633 4987 684 5058 Μο
708 4983 835 5059 0000ο
857 4987 918 5059 ΙΧ.
965 4986 1394 5059 Prescntibusnobilibus
1417 4989 1515 5072 viris,
1546 4986 1714 5058 dominis:
1738 4985 1885 5057 Iohanne

349 5093 394 5166 de
430 5097 662 5168 conoscetis
701 5094 906 5179 castellano,
945 5093 1128 5168 Clemente
1163 5095 1207 5167 de
1243 5099 1393 5183 Zyclrlc'or
1424 5095 1630 5180 vexillitcro,
1664 5094 1808 5167 Nicoluo
1845 5083 1884 5154 de

348 5203 523 5290 0?me
545 5207 724 5289 Venatori.
760 5201 937 5276 Statii-‘olco
962 5201 1006 5274 de
1029 5205 1198 5292 Budawv
1229 5205 1400 5296 pincerna
1422 5201 1723 5288 LoncicienslbuS,
1754 5207 1899 5270 necnon.

2076 5131 2259 5214 uniuersis,
2288 5142 2355 5215 quo

2078 5244 2218 5333 accepte
2241 5231 2356 5306 srdelit

2080 5343 2283 5444 subdapiler
2313 5337 2356 5412 Po
