4720 6360
322 750 439 823 eidem
467 750 665 825 Laurenclo
689 752 838 826 sculteto
862 755 899 824 et
921 753 998 825 suls
1021 751 1289 826 successoribus
1320 755 1359 826 in
1382 751 1479 826 dicta
1500 753 1697 827 hereditate
1716 731 1864 848 ⁸gregem

320 859 452 932 ouium.
478 858 611 932 babere
643 864 679 932 et
715 861 793 933 sine
828 859 984 952 dampno
1017 879 1176 953 pascere,
1211 860 1365 934 truens
1397 867 1434 934 et
1457 881 1563 934 canes
1586 863 1768 936 venaticos
1791 866 1864 942 tarn

319 987 384 1060 pro
419 967 590 1068 capcione
625 969 798 1061 lepomm,
834 988 944 1060 quam
980 971 1114 1053 auium,
1145 969 1260 1040 eciam
1290 971 1410 1042 nisum
1439 989 1503 1063 pro
1531 969 1702 1063 quisculis
1725 974 1763 1042 et
1784 971 1864 1066 allJ's

321 1073 450 1147 auibus
489 1075 676 1168 capiendis
710 1081 831 1150 tenere
864 1096 907 1149 ac
936 1074 1080 1162 babere,
1118 1095 1161 1148 nc
1191 1079 1306 1148 eciem
1340 1079 1410 1150 trio
1444 1079 1539 1150 recle
1568 1077 1749 1168 wlgariter
1770 1077 1865 1156 dicta

215 1259 216 1263 Ν
316 1185 516 1255 'mamae
544 1187 582 1255 et
611 1187 807 1274 booebeolcp
828 1187 866 1258 in
899 1204 992 1276 aque
1018 1185 1112 1256 inter
1142 1184 1304 1258 arborem
1335 1205 1506 1276 magnum
1530 1185 1701 1279 populum
1729 1183 1863 1264 domn

321 1293 443 1379 topolo
464 1293 502 1362 et
522 1290 664 1364 borram
680 1295 795 1386 ipsius
810 1291 1019 1364 hereditatis
1034 1311 1167 1386 ponere
1189 1295 1227 1364 ct
1249 1295 1338 1386 ipsis
1353 1297 1417 1364 vti.
1463 1293 1628 1366 Preterea
1652 1293 1864 1370 kmetbones

322 1414 388 1470 seu
416 1399 571 1490 agricole
594 1401 744 1490 quilibet
766 1399 811 1472 de
834 1420 901 1472 suo
915 1419 1050 1476 ..manso
1074 1399 1246 1472 tredecim
1262 1405 1380 1474 scotos
1395 1421 1601 1492 grossorum
1623 1400 1864 1493 Prngensium,

322 1505 477 1590 ortuleni
505 1511 578 1578 tres
602 1513 640 1579 et
661 1507 944 1593 thabernatores,
968 1511 1143 1598 quotquot
1164 1506 1300 1580 ibidem
1321 1509 1432 1580 locari
1447 1511 1646 1601 contigerit,
1668 1513 1748 1583 octo
1770 1510 1865 1584 sirni-

175 1679 181 1692 .
321 1613 404 1686 liter
425 1618 544 1686 scotos
579 1619 617 1687 et
638 1619 710 1710 ipsi
739 1616 953 1690 kmetbones
985 1613 1135 1706 quilibet
1169 1615 1214 1686 de
1246 1635 1312 1688 suc
1335 1637 1460 1689 manso
1493 1620 1531 1689 in
1552 1616 1689 1690 Pascbe
1720 1617 1867 1708 triginta·

210 1724 213 1730 ‘
324 1741 404 1807 oue,
426 1723 466 1793 in
488 1724 763 1816 Assumpcionis
786 1725 938 1815 virginis
961 1723 1072 1812 Maria
1094 1727 1257 1814 quotuor,
1289 1727 1430 1817 ipsique
1459 1723 1638 1798 ortbulanl
1669 1728 1707 1796 et
1728 1723 1866 1798 thaber-
1967 1824 1970 1828 ³

256 1858 260 1864 ’
325 1834 469 1902 naiores
502 1851 569 1922 per
599 1829 690 1904 duos
721 1831 849 1924 pullos,
883 1850 1032 1902 censum
1060 1850 1145 1902 vero
1182 1831 1220 1902 in
1253 1835 1370 1904 sancti
1404 1833 1547 1906 Martini
1579 1831 1682 1906 iestis
1704 1831 1809 1906 nobis
1831 1839 1867 1908 et

323 1939 457 2010 nostris
480 1940 749 2012 successoribus
780 1939 920 2012 soluere
950 1939 1024 2010 sint
1053 1939 1209 2021 astricti;
1241 1938 1311 2012 dno
1343 1939 1495 2032 prandia
1524 1943 1667 2034 etipse
1696 1939 1866 2016 scultetus

325 2047 488 2132 tercium,
518 2051 583 2120 aut
615 2066 680 2140 pro
703 2046 862 2138 quolibet
892 2066 956 2118 sex
979 2051 1097 2118 sectos
1120 2048 1265 2118 racione
1286 2045 1500 2120 indiclomm
1522 2047 1742 2139 generalium
1765 2047 1866 2122 noble

323 2154 489 2226 similiter
526 2159 590 2227 aut
624 2155 719 2228 dicte
741 2147 836 2228 'ville
871 2156 1070 2247 possessori
1101 2154 1161 2226 uel
1199 2157 1420 2246 procuratori
1452 2159 1556 2228 annis
1591 2155 1744 2247 singolis
1783 2154 1867 2230 dare

323 2265 492 2334 tenentur
514 2265 551 2334 et
579 2265 793 2336 ministrare.
838 2263 920 2355 lpse
942 2281 1084 2354 quoque
1106 2261 1326 2335 Laurencius
1356 2263 1527 2336 scultetus
1550 2267 1586 2336 et
1609 2265 1666 2335 sui
1688 2282 1868 2336 successo·

326 2389 385 2442 res
412 2368 566 2461 legitimi
595 2373 633 2444 in
666 2387 758 2462 equo
781 2370 872 2443 dues
903 2389 1044 2442 marcas
1066 2370 1210 2442 valente
1240 2372 1340 2444 iuxta
1369 2373 1480 2444 ritum
1510 2376 1546 2443 et
1575 2369 1868 2446 consuetudinem

278 2535 283 2544 .
327 2481 527 2550 ceteromm
549 2478 718 2550 villmum
740 2485 945 2550 nostrerum
968 2477 1209 2563 scoltetomm,
1233 2479 1295 2550 vbi
1319 2480 1453 2552 missus
1477 2479 1596 2564 tuerit,
1619 2480 1753 2552 semine
1775 2483 1869 2552 tene·

306 2585 432 2660 'bitur
447 2587 523 2658 suis
547 2586 753 2686 sumptibus
786 2589 823 2658 et
850 2587 1026 2678 expensis.
1073 2585 1142 2674 Qui
1172 2587 1344 2658 scoltems
1376 2590 1413 2658 et
1443 2587 1500 2658 sui
1530 2607 1756 2659 successores
1778 2585 1870 2660 vltra

328 2695 408 2772 octo
432 2693 587 2766 miliaria
609 2693 655 2766 ab
678 2695 760 2786 ipsa
780 2693 867 2766 villa
891 2697 1066 2784 Voplrowo
1088 2713 1162 2766 non
1181 2692 1289 2766 debet
1304 2713 1484 2786 quoquam
1508 2695 1613 2767 mitti.
1657 2693 1703 2766 Et
1724 2695 1870 2788 insuper

328 2799 459 2895 prelati
483 2801 706 2886 kmetbones‚
731 2802 896 2887 ortnlenl,
920 2801 1190 2874 thabematores
1215 2807 1252 2874 et
1273 2804 1393 2893 quiuis
1417 2801 1512 2874 dicte
1526 2801 1610 2874 ville
1632 2802 1747 2875 incole
1768 2801 1869 2876 liber·

328 2913 404 2981 tate
425 2929 491 3004 per
512 2929 578 2982 nos
603 2911 655 2982 eis
679 2921 860 2994 concessa,
896 2910 1030 3003 elapsa,
1066 2907 1112 2981 ad
1140 2908 1291 2995 laboras,
1323 2911 1486 2995 semicie,
1519 2929 1628 2983 onera
1655 2913 1691 2982 et
1718 2909 1869 2984 bonores

328 3016 433 3090 uobis
456 3021 493 3088 et
515 3015 622 3090 dictis
645 3019 778 3090 nostris
801 3017 1070 3090 successoribus
1095 3037 1137 3089 ac
1160 3020 1275 3110 ipsius
1298 3017 1382 3090 ville
1412 3017 1678 3112 possessoribus
1700 3021 1869 3112 perpetuo

330 3125 556 3211 tenebuntur,
579 3129 687 3218 prout
708 3127 748 3198 in
770 3125 851 3218 alijs
874 3125 970 3197 villis
994 3127 1106 3198 nostri
1131 3125 1278 3219 capituli
1307 3125 1388 3198 lieri
1420 3130 1477 3198 est
1500 3129 1720 3198 consuetum.
1767 3125 1870 3198 Volu-

329 3253 415 3306 mus
439 3235 564 3318 cciam‚
589 3232 685 3324 quod
707 3231 793 3305 dicti
817 3235 989 3306 scoltetus
1014 3238 1050 3306 et
1065 3235 1122 3305 sui
1138 3253 1376 3318 successores,
1401 3254 1443 3305 ac
1457 3233 1682 3320 kmetbones‚
1707 3233 1869 3318 ortulani

329 3339 601 3412 thebernstores
629 3347 665 3413 et
696 3341 814 3432 quiuis
843 3340 1004 3433 predicte
1025 3341 1110 3413 ville
1141 3343 1257 3414 incole
1285 3342 1453 3414 omuibus
1484 3341 1632 3426 iuribus,
1662 3341 1870 3434 priuilegijs,

327 3448 554 3521 libertatibus
589 3452 627 3519 et
661 3449 919 3520 emunitatibus
952 3447 1135 3538 gaudeant
1169 3453 1206 3520 et
1238 3453 1394 3534 riantur,
1432 3455 1538 3542 prout
1575 3451 1685 3521 ceteri
1721 3449 1870 3533 scolteti,

329 3557 544 3630 kmetbones
568 3563 605 3628 et
628 3559 747 3646 quiuis
770 3556 886 3628 incole
907 3557 1075 3628 villarum
1091 3563 1296 3629 nostrarum
1312 3559 1370 3628 ius
1386 3555 1579 3630 Smedense
1603 3560 1640 3629 et
1661 3557 1870 3648 qualibetis)

330 3663 567 3736 Teutonicum
589 3664 816 3748 habencium,
841 3667 1079 3736 commmriter
1102 3665 1207 3737 dictis
1231 3664 1369 3736 iuribus
1392 3666 1591 3758 pociuntur.
1637 3665 1712 3737 Hoc
1734 3663 1871 3738 adiecto

329 3772 599 3845 etnullatenus
621 3775 862 3866 pretermisso,
894 3771 990 3862 quod
1020 3772 1116 3844 idem
1147 3773 1366 3846 Laurentius
1397 3772 1568 3844 scultetus
1596 3777 1634 3844 et
1655 3775 1712 3845 sui
1734 3792 1871 3844 succes·

330 3899 430 3952 sores
452 3883 491 3952 in
521 3879 617 3954 dicto
639 3880 725 3952 ville
754 3881 990 3972 personaliter
1020 3880 1201 3952 resideant
1230 3883 1418 3972 ipsamque
1448 3881 1654 3953 scolteciam
1684 3901 1766 3952 cum
1797 3881 1871 3953 suis

330 3987 496 4059 omnibus
531 3989 763 4080 pertinencijs
798 3993 835 4059 et
864 3989 1002 4060 iuribus
1037 3987 1204 4073 habeant,
1236 3993 1382 4060 teneant
1411 3995 1448 4060 et
1477 3989 1628 4080 paciiice
1656 3987 1870 4081 possideant,

331 4115 470 4167 necnon
494 4095 662 4178 vendent,
699 4101 930 4180 commutent,
967 4095 1063 4179 dent,
1099 4096 1242 4180 donent,
1277 4097 1442 4180 alienent,
1474 4095 1641 4186 obligent,
1675 4095 1720 4167 de
1752 4089 1871 4167 nosue

197 4256 203 4266 .
331 4211 453 4274 tomen
482 4223 670 4288 consensu,
695 4209 731 4275 et
754 4203 799 4274 ad
822 4223 912 4274 rusus
935 4203 1178 4296 beneplacitos
1203 4209 1422 4288 conuertunt,
1447 4207 1553 4295 prout
1575 4205 1663 4296 ipsis
1686 4204 1814 4276 melius
1837 4205 1872 4272 et

332 4311 456 4381 villius
480 4310 645 4402 expedire
674 4310 862 4395 ridebitur,
893 4311 1114 4403 temporibus
1146 4315 1328 4404 perpetuis
1362 4311 1541 4382 aiiutmis.
1588 4311 1721 4383 Harum
1744 4310 1872 4401 quibus

331 4419 491 4508 sigillum
515 4423 678 4490 nostrum
703 4439 902 4510 appensum
927 4426 983 4492 est
1006 4421 1210 4492 testimonio
1241 4421 1435 4491 literarum.
1482 4419 1616 4491 Datum
1639 4419 1814 4490 Poznanie
1836 4419 1872 4488 in

332 4527 487 4619 capitulo
511 4526 679 4616 generali,
710 4527 908 4618 primodie
932 4531 1066 4599 mensis
1090 4527 1181 4619 Iulij,
1214 4549 1307 4600 anuo
1331 4527 1475 4598 Domini
1500 4527 1688 4598 millesimo
1710 4525 1872 4618 quadrin-

330 4635 532 4722 gentesimo
567 4637 704 4705 octauo.
756 4633 984 4706 Prcsentibus
1028 4635 1291 4707 venerabilibus
1322 4638 1408 4706 m'ris
1443 4635 1587 4728 prelatis
1621 4640 1657 4706 et
1696 4633 1872 4706 canonicis

331 4741 482 4814 ecclesie
505 4741 768 4826 Pomroniensis,
801 4748 837 4823 ct
860 4745 897 4813 in
921 4745 1001 4834 ipsa
1025 4745 1192 4815 ecclesio:
1223 4743 1348 4816 Nicola
1364 4747 1410 4830 (s)
1441 4741 1486 4814 de
1511 4743 1678 4830 Clrlopow
1702 4741 1873 4814 archidia-

333 4870 433 4933 cono,
456 4849 568 4920 Pclka
591 4849 821 4941 Wlostyborij
849 4855 1003 4935 cariture,
1028 4851 1173 4922 Nicolao
1198 4851 1243 4923 dc
1268 4853 1387 4922 Gorleo
1402 4851 1622 4935 cancellario,
1647 4849 1807 4922 Conrado
1830 4847 1872 4918 de

331 4961 421 5045 Opol
445 4958 656 5042 Smenrcnsi,
679 4957 851 5029 illicheclc
875 4958 1077 5030 Pczewensi
1100 4961 1136 5030 ct
1159 4959 1323 5030 Alberico
1347 4958 1391 5029 de
1415 4962 1563 5030 Modlno
1586 4955 1872 5030 Warschouiensi

333 5064 606 5150 archidiaconis,
644 5065 817 5138 llichaclc
852 5065 964 5157 Blyde
988 5065 1209 5139 decretorum
1250 5065 1403 5150 doctore,
1439 5065 1593 5137 Iohanne
1627 5065 1672 5138 de
1705 5065 1871 5154 Neportir,

333 5174 527 5246 Vincencio
557 5173 601 5244 dc
625 5177 883 5262 dlorcpolcoroo,
915 5175 1072 5246 loironne
1105 5177 1283 5268 proposito
1308 5177 1421 5246 sancti
1447 5174 1610 5266 Spiritus,
1640 5174 1800 5247 Ianussio
1831 5169 1873 5241 dc

332 5285 501 5366 Sclcoloro,
526 5281 719 5354 lastlrlronc
742 5281 938 5366 Budlronis,
963 5283 1108 5354 Nicoluo
1140 5283 1328 5367 Bronisloi,
1359 5283 1468 5354 Paulo
1499 5281 1543 5352 dc
1574 5284 1762 5366 Geecbowo,
1794 5281 1873 5369 Pry-

224 5427 229 5434 ·
332 5390 447 5461 bislao
483 5389 527 5462 dc
564 5393 704 5478 Poenus,
747 5390 893 5462 Albcrto
934 5393 1112 5483 preposito
1156 5389 1428 5482 Gluschynensi,
1468 5391 1628 5462 Floriano
1666 5387 1872 5466 Poklathkc

333 5496 514 5589 Lcdwylro
539 5498 584 5571 de
619 5501 854 5588 liomoroplrp,
889 5499 1065 5591 llyroslno
1090 5499 1134 5571 de
1159 5501 1375 5586 Grrrrobowo,
1407 5497 1581 5592 Myroslao
1606 5496 1650 5570 de
1673 5500 1873 5576 Brudzeeco,
