4714 6364
112 3197 120 3246 ι
149 3180 195 3246 et
221 3194 332 3244 aarum

112 3303 133 3354 0
153 3283 333 3370 Βοξ11*ἷ·“ι·’

112 3411 137 3462 c
166 3389 331 3461 officiale

112 3498 331 3570 auctoritas

112 3603 330 3678 lamisluum.

112 3713 235 3786 dictis
262 3729 331 3798 p-zr·

112 3842 187 3894 um
218 3835 338 3887 ωηεν

112 3922 328 4002 aemulls·

112 4036 166 4108 de
198 4031 327 4102 exonia

128 4160 211 4213 con
237 4155 327 4206 crilli-

112 4251 327 4343 spontane

112 4351 325 4446 loguslaur:

130 4468 176 4534 et
207 4454 325 4550 plebs·

116 4577 324 4656 tangquam

112 4669 322 4756 sonasque·

112 4795 114 4858 j
168 4785 322 4874 pole-rr.

112 4897 148 4964 is
172 4889 324 4968 Beli-'⁸¹²‘

135 5001 181 5069 in
203 5006 322 5062 emet·

112 5135 116 5174 e
146 5106 324 5184 sirenes·

112 5237 124 5286 e
154 5221 202 5280 et
231 5217 325 5273 alili·

112 5309 325 5404 allegas-ie

1972 389 2039 461 221

513 609 607 690 nibus
623 591 773 682 cognitis
792 593 828 663 et
843 590 1027 677 discussis,
1051 590 1124 664 line
1140 590 1317 663 amicabili
1334 565 1536 673 terminare,
1561 588 1675 661 dictes
1690 591 1810 681 parles
1827 586 1872 659 ad
1897 585 2042 658 audien-

513 721 589 793 dum
606 719 725 777 ecmm
739 699 970 784 voluntalem,
995 700 1226 783 sentenciam,
1249 697 1408 782 laudum,
1434 697 1630 782 arbitrium,
1654 699 1862 790 preceptum
1880 699 1916 766 et
1930 693 2039 766 aliam

512 825 763 918 quamcumque
786 805 1019 878 dillinitiuam
1042 809 1400 899 pronuueeiueionem
1433 805 1479 878 ad
1511 811 1626 876 certos
1657 807 1828 877 terminos
1860 823 1924 896 pro
1948 821 2042 894 pena

512 917 803 1006 somersetiam,
834 920 1081 986 contumacem
1105 920 1179 986 turn
1204 917 1241 986 iu
1263 935 1366 1008 pena,
1398 935 1507 1005 quam
1537 916 1574 984 in
1599 915 1763 1005 expensis
1794 912 1930 1002 punire,
1961 911 2041 980 loea
2145 939 2149 946 ·

512 1035 552 1114 ad
573 1021 857 1118 comparendum,
883 1022 1170 1112 cognoscendum
1194 1027 1230 1094 et
1252 1020 1582 1114 pronuueeiaudum
1605 1024 1763 1092 statuere
1787 1019 1912 1091 diebus
1937 1018 2040 1090 lerie-

513 1149 553 1219 tls
575 1135 630 1210 uel
659 1149 730 1202 non
767 1129 915 1215 feriatis,
950 1131 1077 1202 stando
1112 1132 1171 1202 uel
1206 1129 1371 1216 sedendo,
1405 1133 1443 1202 in
1474 1133 1616 1222 scriptls
1640 1129 1699 1200 uel
1722 1131 1800 1200 sine
1820 1130 1977 1219 seriptis,
2003 1128 2040 1198 in

513 1237 706 1328 illiusmodi
733 1240 880 1328 negocio
904 1237 1093 1330 procedere
1116 1241 1204 1310 luris
1229 1238 1351 1310 ordine
1375 1243 1517 1310 seruato
1540 1239 1599 1310 uel
1614 1257 1686 1308 non
1701 1241 1854 1320 seruato,
1879 1234 2040 1329 partibus

514 1347 727 1454 presentibus
751 1346 809 1416 uel
833 1345 1051 1430 absentibus,
1082 1367 1146 1418 seu
1169 1366 1241 1418 vna
1270 1345 1416 1417 absente
1447 1351 1483 1417 et
1514 1347 1584 1418 alie
1611 1350 1786 1438 presente,
1800 1401 1801 1404 ,
1817 1348 1924 1436 prout
1953 1343 2042 1434 ipsis

514 1461 631 1540 melius
654 1453 831 1524 videbitur
855 1453 1029 1545 expedire,
1062 1459 1099 1526 et
1121 1455 1216 1544 qued
1239 1456 1381 1546 possint
1403 1456 1515 1525 semel
1539 1456 1597 1551 uel
1627 1454 1760 1546 pluries
1793 1452 1851 1523 uel
1883 1453 2042 1542 quocies·

514 1581 657 1656 cumque
679 1563 839 1654 ipsorum
862 1561 1048 1633 arbitrium
1072 1567 1109 1634 et
1131 1565 1352 1633 sentenciam
1376 1564 1619 1654 interpretare,
1644 1559 1834 1643 declarare,
1865 1562 2042 1649 corrigere

513 1699 550 1754 ac
572 1677 606 1745 in
630 1670 757 1742 melius
780 1670 983 1755 reformare,
1013 1690 1125 1763 penas
1148 1670 1282 1742 vallare
1306 1673 1342 1742 et
1365 1669 1436 1741 elie
1460 1673 1581 1742 omnia
1610 1673 1647 1740 et
1669 1669 1822 1758 singula,
1854 1687 1923 1759 que
1948 1669 2042 1739 cirea

512 1781 676 1882 premissa
698 1779 784 1849 sunt
806 1780 1017 1862 necessaria,
1048 1779 1177 1862 lacere,
1213 1781 1327 1849 eciam
1351 1779 1383 1849 si
1406 1777 1451 1849 de
1475 1779 1652 1868 aliquibus
1687 1779 1725 1850 in
1755 1777 1911 1868 presenti
1948 1795 2042 1846 eom·

512 1888 676 1988 promisso
708 1903 781 1957 non
803 1889 898 1956 esset
933 1888 1139 1974 cogitatum,
1175 1889 1426 1958 renunciantes
1458 1887 1623 1958 omnibus
1655 1890 1691 1956 et
1713 1885 1866 1976 singulis
1888 1884 2041 1974 legibus,

513 1997 648 2078 iuribus,
684 1993 964 2084 exeepeionibus
993 1997 1149 2079 statutis,
1178 1993 1506 2079 consuetudinibus,
1536 1994 1814 2078 defensionibus,
1847 1990 2042 2064 contradic·

512 2103 672 2180 eionlbus
706 2101 990 2193 proteeclonibus
1025 2107 1061 2173 ol
1095 2101 1283 2192 quibusuis
1316 2102 1397 2194 alijs
1434 2103 1660 2186 tuicionibus‚
1697 2121 1760 2195 per
1792 2120 1862 2191 que
1893 2119 2043 2193 presens
2172 2107 2176 2116 '

515 2211 691 2286 arbitrium
732 2227 797 2281 seu
835 2209 982 2281 laudum
1013 2229 1053 2280 ae
1077 2211 1351 2302 pronuueeiaeio
1390 2229 1455 2281 seu
1495 2208 1670 2281 diffinicio
1713 2229 1755 2280 ex
1796 2210 1876 2301 lpse
1914 2210 2046 2300 poterit

515 2317 672 2406 restringi
717 2335 781 2389 seu
826 2316 1090 2408 quomodolibet
1127 2319 1276 2390 arsulari.
1330 2318 1574 2390 Promiserunt
1607 2320 1755 2410 insuper
1791 2315 1886 2390 dicte
1922 2321 2043 2408 paries

515 2425 621 2510 modo,
650 2444 719 2516 quo
743 2445 861 2517 supra,
885 2445 1010 2517 parere
1026 2430 1063 2497 et
1084 2428 1122 2497 in
1142 2426 1308 2498 omnibus
1331 2424 1474 2497 obedire
1499 2425 1856 2526 dietis-dominorum
1874 2423 2045 2514 Boguslai

516 2533 669 2608 canonici
705 2537 742 2604 et
770 2531 969 2606 Domkonis
1007 2533 1163 2618 arbitrio,
1197 2536 1520 2626 pronuueeiaeionl,
1556 2531 1780 2617 diffinicioni,
1815 2530 1932 2615 leudo,
1967 2551 2044 2624 pre·

513 2645 617 2734 cepto,
646 2639 800 2725 arbltrio,
830 2643 1022 2726 sentencie,
1052 2644 1180 2733 pennis
1203 2642 1392 2714 vallacioui
1415 2662 1480 2733 per
1509 2643 1607 2734 ipsos
1639 2642 1746 2712 ieet-is
1768 2642 1827 2712 vel
1857 2639 2043 2723 iaciendis,

513 2745 708 2821 huiusmodi
742 2747 858 2834 laetis,
890 2752 1167 2840 pronuueeiatis,
1203 2748 1369 2821 diiiinitis
1401 2757 1437 2821 et
1460 2749 1607 2842 prolatis
1630 2755 1726 2821 stare
1750 2756 1785 2821 ei
1809 2769 1853 2820 ea
1874 2751 2043 2840 recipere,

512 2875 550 2928 ae
570 2857 607 2928 in
629 2854 795 2927 omuibus
816 2858 962 2949 punctis
992 2862 1028 2929 et
1061 2857 1230 2929 clausulis
1255 2855 1341 2929 dicti
1374 2859 1622 2950 compromissi
1653 2863 1689 2929 et
1712 2859 1894 2929 sentencie
1922 2855 2044 2929 lieude

513 2962 674 3058 apmbare
698 2967 733 3036 et
755 2965 793 3036 in
816 2965 913 3036 nullo
947 2985 1012 3058 per
1043 2985 1083 3037 se
1113 2965 1172 3037 uel
1213 2965 1333 3050 alium,
1365 2965 1498 3037 directe
1531 2966 1590 3037 uel
1624 2965 1807 3050 indirecte,
1845 2964 1962 3036 oculte
1984 2965 2044 3036 uel

513 3070 693 3144 maalleste
722 3091 921 3165 repugnare
954 3073 1013 3144 uel
1044 3071 1285 3145 contradicere
1318 3093 1544 3165 quacumque
1576 3077 1719 3146 racione
1752 3073 1812 3145 uel
1847 3091 1959 3145 eausa
1982 3077 2046 3144 aut

512 3176 618 3264 medo,
641 3180 719 3252 iure
741 3180 800 3252 uel
822 3180 930 3266 laete,
961 3183 1069 3252 tacite
1093 3187 1156 3253 aut
1179 3180 1346 3274 expresse
1380 3181 1452 3274 hijs
1486 3183 1663 3266 omnibus,
1700 3201 1769 3273 que
1800 3183 1895 3253 inter
1929 3179 2044 3252 dictas

513 3291 621 3378 partes
646 3285 732 3360 dieti
755 3287 891 3360 domini
914 3289 1037 3360 arbitri
1061 3288 1221 3374 iecerint,
1257 3292 1490 3382 preceperint,
1525 3289 1872 3382 pronunecieuerint,
1905 3293 2046 3360 senten·
2184 3323 2187 3328 ·

513 3395 679 3466 riauerint
718 3416 784 3468 seu
821 3395 956 3468 luerint
994 3396 1164 3469 arbitrati.
1222 3395 1290 3486 Qui
1325 3397 1492 3470 domiuus
1531 3392 1734 3486 Boguslaus
1777 3397 1971 3469 canonieus
2011 3401 2048 3468 et

512 3498 643 3574 Demlre
667 3503 789 3575 arbitri
812 3503 962 3597 predicti
994 3525 1076 3576 mox
1099 3511 1241 3597 recepto
1264 3505 1471 3578 huiusmodi
1505 3510 1631 3598 sponte
1656 3503 1923 3597 compromisso,
1956 3507 2045 3602 visis

512 3613 546 3678 a
565 3609 752 3702 diligenter
783 3615 954 3705 inspectis
989 3613 1136 3698 iuribus,
1174 3612 1452 3703 ellegaeionibus
1488 3618 1524 3684 et
1559 3613 1879 3706 disputacionibus
1914 3613 2045 3704 quibus

512 3713 598 3788 dieta
619 3723 739 3810 partes
762 3725 848 3792 tuno
877 3721 971 3792 inter
993 3741 1033 3792 se
1055 3724 1109 3792 uti
1127 3721 1300 3794 uolebant
1316 3721 1371 3793 ‘st
1403 3722 1595 3794 voluerunt
1618 3726 1654 3793 et
1676 3722 1766 3813 ipsis
1799 3719 1843 3794 de
1866 3723 2068 3814 irnisperi··

511 3825 619 3898 iarum
643 3827 790 3899 consilio
814 3831 955 3900 matura
985 3827 1243 3900 deliberacione
1266 3827 1451 3913 discussis,
1482 3829 1619 3900 eisdem
1649 3829 1811 3920 partibus
1840 3828 2045 3921 petentibus
2091 3825 2096 3835 '

510 3935 543 4000 et
571 3935 889 4021 consencientibus,
924 3939 1018 4008 inter
1040 3937 1185 4009 easdem
1218 3942 1338 4030 peries
1361 3957 1425 4030 per
1453 3937 1600 4010 modum
1635 3936 1905 4029 infrascriptum
1935 3936 2044 4008 uerbo

510 4043 858 4128 pronuucciouerunt,
900 4043 1182 4130 deelaraueruut,
1228 4043 1489 4129 diiitniuerunt,
1533 4047 1847 4118 seutenclauerunt
1881 4049 1919 4116 et
1960 4049 2046 4117 sunt

511 4145 673 4222 arbitrati.
719 4151 836 4224 Primo
863 4149 1040 4236 videlieet,
1074 4150 1170 4244 quod
1200 4151 1286 4225 dieti
1319 4153 1500 4225 alodarius
1533 4159 1569 4224 et
1603 4151 1816 4225 kmetbenes
1848 4153 1887 4224 ln
1923 4154 2047 4225 oma-

475 4254 479 4260 '
509 4271 594 4328 roua
604 4261 628 4346 ¹)
653 4257 783 4331 debent
806 4263 842 4331 et
864 4280 907 4332 ex
929 4263 1088 4353 presenti
1110 4263 1294 4334 sentencie
1310 4262 1479 4333 arbitrali*
1492 4266 1578 4333 sunt
1593 4263 1729 4332 astricti
1745 4260 1884 4352 prelato
1901 4259 2045 4334 donuno

510 4357 646 4439 Nicolee
669 4359 820 4459 plebane
853 4373 889 4439 et
923 4369 1074 4440 ecclesie
1105 4389 1170 4440 sue
1201 4372 1238 4440 in
1272 4369 1487 4458 Vnaeewop
1519 4367 1688 4440 iamdicte
1721 4370 1860 4442 soluere
1890 4373 1926 4441 et
1949 4369 2045 4456 dere,

509 4474 599 4544 emal
634 4474 917 4548 contradieeione
952 4477 1183 4568 proculmota,
1220 4477 1264 4548 de
1299 4477 1456 4568 quolibet
1491 4498 1616 4549 manso
1648 4498 1713 4569 per
1742 4476 1832 4550 dues
1857 4499 2045 4552 mensuras
2112 4504 2115 4512 ’

510 4581 583 4666 puri
616 4581 738 4675 bladij‚
771 4581 939 4655 videlieet
973 4605 1082 4657 errem
1118 4587 1272 4676 siliginis
1306 4591 1342 4657 et
1376 4587 1483 4657 aliem
1520 4605 1643 4670 auene,
1676 4587 1915 4660 mensruaudo
1946 4589 2047 4660 iuxta

504 4689 795 4762 consuetudinem
820 4695 919 4782 regni
945 4697 982 4764 et
1003 4693 1153 4764 eeclesia
1185 4693 1404 4767 (lucanensis
1434 4695 1587 4784 singulis
1615 4697 1652 4764 et
1674 4697 1856 4787 perpetuis
1880 4699 2046 4788 tempori·

511 4786 572 4864 bus
594 4800 630 4870 et
653 4799 742 4871 alias
765 4801 865 4871 iuxta
886 4801 1041 4873 lormam
1065 4805 1102 4872 et
1124 4806 1285 4874 tenorem
1318 4805 1583 4900 sentenciarum
1606 4801 1885 4875 diiiuritiuarum
1908 4805 2045 4898 sepele-

512 4898 621 4976 tomm
645 4904 870 4980 dominorum
893 4907 1053 4980 iudicum
1077 4909 1328 5002 predictorum,
1351 4929 1416 5003 pro
1432 4908 1528 4981 dieto
1545 4909 1688 4981 demine
1707 4909 1852 4982 Nicolao
1877 4915 1914 4982 et
1937 4910 2046 4984 eecle-

510 5006 648 5085 stasne
669 5013 829 5106 predicte
852 5019 888 5087 et
911 5023 1035 5088 eontra
1062 5017 1219 5108 prelatos
1242 5017 1452 5090 wlodarium
1466 5021 1512 5089 'el
1535 5017 1747 5090 kmethones
1770 5020 1914 5090 racione
1937 5018 2048 5093 dieto·

509 5127 583 5189 tum
605 5121 806 5194 missalium
830 5124 918 5195 alias
941 5125 1106 5209 latarum,
1131 5147 1220 5216 (quus
1250 5125 1464 5198 diffiniturus
1481 5127 1683 5198 sentencias
1707 5128 1745 5196 in
1760 5125 1928 5199 omnibus
1951 5129 2046 5201 elau·

511 5222 594 5296 suits
616 5231 693 5300 suis
716 5235 754 5302 et
774 5233 917 5325 punctis
942 5232 1038 5304 idem
1073 5231 1208 5326 dourinj
1235 5233 1358 5305 arbitri
1373 5233 1584 5323 'Bogusluus
1608 5239 1644 5305 et
1665 5233 1807 5307 Domko
1831 5240 1974 5326 quas(s)
2000 5237 2046 5309 ed

510 5321 577 5404 huc
598 5335 636 5410 in
659 5337 728 5412 suo
751 5339 876 5413 robore
898 5343 1080 5434 perpetuis
1119 5341 1339 5435 temporibus
1374 5341 1564 5415 duretmcs
1596 5348 1910 5416 conseruaueruut.
1957 5343 2048 5418 Item
