4706 6356
18 827 175 908 aconiem

18 1047 37 1098 s
54 1028 176 1122 suppra

18 1138 64 1222 sis,
94 1144 177 1228 quod

18 1263 48 1316 ne
65 1245 176 1322 nobilis

18 1373 26 1424 c
42 1353 177 1430 crinibuit

18 1479 30 1546 ⁸,
48 1481 175 1551 qnorum

18 1587 83 1640 uum
107 1591 175 1662 pre

18 1675 49 1748 lbi
69 1678 175 1754 villam

24 1785 171 1874 censibus,

18 1894 172 1968 ncmmbus

18 2006 92 2071 uate
113 2003 172 2074 cel·

18 2107 173 2198 eplacitum

18 2215 75 2302 bap
98 2236 173 2290 cum

18 2320 49 2392 nd
66 2325 173 2397 nolun-

35 2437 173 2504 nostnnm

18 2539 74 2608 reia
95 2541 173 2616 testi

287 1217 296 1258 i

287 1259 298 1365 l

286 1371 301 1952 j

64 3853 294 3959 ‚133

18 4034 167 4118 ’δι’

1913 405 1960 474 ab

421 613 473 687 35.
520 597 758 688 litamine.
783 601 917 674 mensis
941 600 1172 694 Septembris,
1194 601 1402 676 l'osnabiae.

542 779 699 853 'l'homco
713 782 923 873 capitaneus
931 780 1074 853 Maioris
1086 779 1250 854 Poloniae
1263 758 1425 868 testatur,
1437 779 1630 854 ilincacam
1637 780 1780 874 Sakapa
1791 780 1836 852 de
1850 783 1962 870 wozd

423 913 503 994 eum
513 891 644 964 Ioanne
654 887 783 961 abbate
794 890 1001 998 monasterii
1013 888 1280 976 Paradisiensis,
1293 887 1468 980 quasdam
1477 888 1694 962 hereditates
1707 894 1960 990 commutasse.

542 1069 582 1142 in
620 1069 764 1140 nomine
800 1069 942 1142 Domini
985 1089 1101 1142 amen.
1147 1049 1204 1142 nd
1241 1071 1293 1142 rei
1328 1071 1538 1142 memoriam
1573 1071 1839 1163 sempiternam.
1885 1068 1960 1142 Nos

423 1184 575 1258 rnomco
598 1175 839 1269 subpincema
869 1175 1116 1250 Craoouiensis
1140 1183 1176 1251 et
1199 1180 1407 1270 capitaneus
1431 1178 1574 1250 Maioris
1605 1178 1748 1251 Polonie
1770 1178 1960 1269 generalis,

421 1286 666 1382 significamus
695 1287 873 1358 uniuersis
906 1286 1132 1379 presentibus
1167 1290 1203 1358 et
1233 1287 1377 1371 suturis,
1411 1289 1638 1379 presencium
1668 1288 1839 1359 noticiam
1862 1286 1960 1358 babi-

423 1399 520 1481 turis,
554 1392 650 1486 quod
680 1391 726 1465 ad
754 1399 913 1466 nostram
945 1398 981 1465 et
1016 1393 1166 1466 eliorum
1197 1394 1372 1466 nobilium
1395 1396 1542 1467 veniens
1564 1395 1800 1489 presenciam,
1830 1393 1960 1467 nobilis
2088 1474 2091 1482 ,

422 1509 475 1580 vir
495 1499 654 1576 ilincaica
683 1500 801 1574 dictus
825 1500 976 1594 Sakapa,
1006 1501 1110 1573 heres
1134 1503 1172 1574 in
1197 1504 1337 1590 Wpusd,
1369 1522 1441 1594 non
1465 1503 1682 1596 compulsus,
1706 1521 1778 1574 non
1802 1505 1960 1587 coactus,

421 1631 534 1705 neque
556 1629 672 1682 errore
696 1609 815 1700 aliquo
830 1607 1012 1695 seductus,
1036 1608 1165 1683 sedda
1188 1631 1255 1682 sua
1270 1615 1469 1702 spontanea
1483 1612 1677 1697 voluntate,
1700 1630 1789 1681 rsus
1812 1629 1960 1682 suorum

422 1722 614 1798 arnlcorum
642 1715 789 1789 oonsilio
806 1722 842 1790 et
857 1721 998 1790 mature
1017 1717 1275 1789 deliberacione
1290 1717 1487 1811 prehabita,
1511 1719 1621 1790 talem
1637 1719 1960 1790 commutacionem

421 1835 458 1904 in
477 1827 580 1900 bonis
603 1823 829 1917 hereditariis
853 1844 936 1897 cum
958 1825 1154 1898 venerabili
1176 1824 1320 1898 domino
1348 1825 1479 1898 Ioanne
1510 1827 1638 1899 abbate
1669 1825 1714 1897 de
1744 1827 1960 1897 monasterio

422 1935 638 2013 amaseam
669 1932 759 2006 alias
791 1932 971 2018 Paradiso,
1004 1937 1040 2004 et
1069 1933 1245 2024 religiosis
1276 1933 1447 2006 iratribus
1479 1937 1679 2007 conuentus
1703 1934 1910 2025 menesterij
1928 1936 1960 2022 (s

421 2041 578 2120 eiusdem
607 2061 647 2112 se
675 2040 807 2114 iecisse
837 2043 1055 2132 recognouit,
1086 2043 1138 2114 ita
1166 2041 1343 2128 videlicet,
1375 2040 1470 2133 quod
1493 2061 1515 2114 a
1538 2041 1643 2114 dictis
1668 2039 1797 2113 abbate
1820 2045 1857 2111 et
1879 2059 1960 2112 con·

422 2155 529 2228 uentu
545 2148 772 2234 hereditates,
795 2148 962 2222 videlicet
975 2149 1186 2237 Sdebowecz,
1210 2151 1298 2221 item
1321 2153 1512 2241 utrumque
1534 2151 1710 2223 selencia
1733 2153 1769 2220 et
1789 2149 1962 2221 Sworaice
2030 2174 2035 2184 ·

419 2255 698 2358 inGostanensi,
729 2262 766 2330 et
796 2259 954 2330 Zoiteiice
968 2261 993 2346 ¹)
1024 2258 1063 2328 ln
1089 2257 1323 2330 Ponnaniensl
1346 2257 1567 2330 districtibus
1590 2259 1690 2342 sitas,
1720 2257 1872 2349 recepit;
1907 2276 1961 2328 ra·

422 2371 520 2442 aione
546 2385 697 2457 quarum
727 2363 968 2437 hereditatum
1000 2370 1038 2437 et
1060 2366 1356 2438 commutacionis
1379 2367 1468 2458 ipsis
1499 2364 1648 2438 domino'
1668 2365 1788 2438 abbati
1821 2369 1857 2436 et
1880 2383 1961 2437 con·

426 2475 547 2550 uentul
569 2475 775 2566 manasterii
790 2475 837 2560 (s)
860 2475 1102 2546 Goeczecbowo
1123 2471 1285 2566 predicti,
1309 2473 1549 2570 hereditatem·
1567 2493 1672 2546 suam
1700 2475 1827 2546 Latois
1848 2493 1962 2545 maere

422 2589 457 2658 et
491 2581 696 2656 scoltcciem
729 2583 769 2653 in
792 2582 1062 2669 Oboceessewffl)
1101 2601 1184 2653 cum
1219 2583 1318 2654 iure
1356 2601 1564 2675 supremo
1603 2579 1737 2653 ibidem
1777 2579 1961 2674 predictus

422 2689 575 2766 llincako
606 2687 747 2783 Sakepa
770 2709 853 2760 oum
876 2691 974 2760 omni
1003 2691 1080 2760 iure
1110 2693 1147 2760 et
1174 2686 1341 2774 dominio,
1372 2691 1468 2762 sicut
1496 2688 1595 2762 solus
1624 2691 1743 2762 tenuit
1765 2693 1801 2760 et
1823 2687 1962 2762 habuit.

427 2819 542 2873 eorem
572 2797 674 2871 nobis
705 2799 913 2888 resignarat,
951 2816 1035 2868 cum
1063 2795 1228 2869 omnibus
1258 2797 1502 2889 prouentibue,
1536 2796 1746 2882 redditibus,
1781 2796 1960 2883 censibus,

423 2907 566 3001 campis,
590 2905 697 2994 agris,
720 2907 844 2998 pratis,
867 2905 1039 2997 pascuiis,
1062 2904 1175 2991 siluis,
1203 2907 1333 2997 gagijs,
1349 2905 1515 2991 ‚maricis
1542 2904 1690 2990 nabebis,
1713 2903 1839 2990 horris,
1863 2905 1961 2978 meli·

421 3013 527 3108 itone,
553 3013 717 3099 lacubus,
743 3011 903 3106 piscinis,
933 3011 1071 3104 lluuiJ's,
1102 3013 1216 3104 aanis,
1248 3013 1370 3097 mulis,
1399 3012 1623 3099 molendinis,
1653 3014 1829 3104 stangnis,
1861 3013 1961 3104 palu·

421 3121 522 3196 dibus
545 3141 589 3196 aa
610 3119 825 3217 generaliter
853 3139 935 3192 oum
965 3119 1133 3192 omnibus
1163 3125 1200 3192 et
1228 3120 1382 3212 singulis
1404 3120 1619 3193 utilitatibus
1649 3125 1686 3192 et
1716 3122 1960 3213 pertinenciis,

421 3228 466 3304 ad
486 3229 685 3324 predictam
706 3229 830 3301 villam
851 3230 978 3300 Lutole
998 3247 1114 3300 meere
1147 3233 1184 3300 et
1217 3227 1264 3302 ad
1296 3228 1503 3301 scolteciam
1533 3230 1573 3300 in
1607 3229 1842 3300 annaneane
1875 3248 1960 3320 quo

421 3335 676 3431 nodosumque
702 3335 973 3430 pertinentibus,
1004 3334 1116 3408 nichil
1146 3356 1211 3430 pro
1240 3355 1282 3408 se
1311 3339 1491 3429 excipiens
1521 3337 1560 3408 in
1590 3335 1748 3422 eisdem,¹
1768 3356 1834 3429 per
1862 3338 1960 3430 ipsos
2030 3391 2033 3398 .

424 3443 605 3519 dominum
629 3445 797 3518 abbatem
819 3449 856 3517 et
871 3448 1089 3516 conuentum
1103 3446 1286 3538 perpetuis
1309 3443 1529 3537 temporibus
1545 3443 1710 3528 tenenda,
1732 3442 1960 3537 possidenda,

422 3551 616 3639 vendende,
651 3551 844 3644 obliganda
866 3556 903 3624 et
930 3550 977 3623 ad
998 3570 1088 3624 usus
1115 3550 1358 3646 beneplacitos
1388 3551 1638 3639 conuertenda,
1672 3557 1779 3645 prout
1812 3555 1902 3652 ipsis
1925 3557 1963 3625 et

420 3660 691 3734 successoribus
731 3681 855 3733 eorum
888 3659 1012 3732 vtilicrs
1051 3657 1230 3732 videbitur
1264 3659 1438 3754 expedire.
1484 3659 1559 3732 Nos
1600 3664 1721 3738 entem
1744 3659 1962 3755 ¹predictam

426 3771 743 3842 commutacionem
775 3773 892 3841 ratam
914 3767 1088 3840 hebentes
1117 3772 1153 3840 et
1174 3771 1326 3858 matam,
1356 3766 1583 3862 presentibus
1606 3766 1962 3842 conflmamns.,.1n

423 3877 523 3950 cuius
544 3881 596 3950 rel
619 3879 866 3950 testimonium
888 3875 1049 3967 sigillum
1063 3879 1226 3948 nostrum
1241 3876 1468 3968 presentibus
1492 3881 1548 3948 eet
1570 3895 1781 3970 appensum.
1826 3877 1962 3950 Actum

421 3984 456 4054 et
476 3983 600 4058 dabam
624 3985 809 4070 Ponnanie,
837 3985 929 4058 teria
949 3981 1111 4057 semanda
1133 3988 1216 4056 ante
1238 3983 1474 4057 Natiuitatem
1496 3983 1601 4055 beate
1623 3983 1744 4070 Maria,
1775 4003 1869 4057 anno
1890 3984 1961 4058 Do·

422 4091 508 4165 mlnl
536 4094 726 4168 millesimo
750 4093 1102 4186 quadringentesimo
1125 4093 1245 4164 tercio.
1291 4091 1521 4166 Presentibus
1544 4091 1714 4164 dominis:
1743 4091 1961 4184 Sandiuoglo

428 4196 472 4271 de
485 4201 652 4276 Ostroroic
672 4202 855 4276 vexfliiero
878 4201 1122 4287 Pennanlensi,
1141 4199 1291 4274 Andrea
1313 4205 1350 4273 et
1371 4199 1564 4272 Praiblslao
1586 4198 1632 4272 de
1650 4203 1824 4286 dcimam
1837 4201 1957 4274 Sandi-

423 4310 524 4486 310810
548 4308 594 4384 de
616 4312 795 4396 Iaroctao,
818 4307 1015 4382 'l'heodrico
1038 4307 1083 4381 de
1107 4309 1242 4398 Gmmeo
1266 4308 1503 4382 cesenam
1525 4307 1571 4381 de
1592 4309 1841 4400 Naprodouice
1862 4308 1962 4382 here·

458 4414 523 4489 bns
545 4422 583 4491 et
604 4417 686 4512 aliis
709 4418 843 4492 multis.

577 4560 969 4656 Doknmentpnrgaminoerp,
982 4575 1184 4654 pneaimwam
1196 4597 1223 4637 nr
1231 4539 1381 4638 biblioteca
1393 4577 1437 4636 br.
1446 4575 1677 4652 amysskreuw
1686 4577 1832 4639 Pomanin
1846 4578 1895 4651 (N.
1904 4569 1960 4650 95),

333 4703 336 4710 ,
420 4671 568 4744 mnam
584 4670 636 4745 byl
652 4669 758 4746 uiegdy
780 4669 926 4746 piamenta,
952 4668 1152 4745 praesiccam
1168 4687 1195 4727 nr
1212 4668 1283 4740 teite
1300 4667 1451 4728 biblioteca
1469 4667 1575 4728 osobno
1594 4669 1641 4742 (Ε,
1658 4671 1699 4742 l),
1717 4687 1735 4728 ι
1752 4666 1959 4744 uobraieiqeq
2025 4745 2031 4760 .

420 4766 445 4810 er
461 4759 553 4834 bruy
569 4761 651 4820 aleco
666 4759 829 4837 pobylonei,
846 4759 974 4834 moysei
993 4758 1125 4829 belm,
1142 4757 1212 4818 berb
1229 4759 1327 4821 Jeiitt.

577 4924 601 4998 Ι)
621 4917 769 4983 &dundee
785 4919 891 4998 ulegdy
908 4940 934 4980 v
951 4939 1023 4998 porr.
1040 4919 1242 4992 koichdekim
1259 4921 1321 4980 daie'
1338 4921 1386 4980 nie
1405 4919 1524 4992 istnieie.

612 5013 718 5085 stacius,
736 5011 803 5072 crini
820 5031 846 5071 nr
862 5031 934 5090 porr.
951 5011 1138 5083 bukonkim,
1156 5030 1215 5089 per.
1237 5013 1380 5071 areana

613 5105 763 5180 &annm
781 5103 849 5162 viai
866 5121 893 5161 rr
910 5108 1002 5178 munte
1019 5120 1090 5179 porr.
1108 5120 1169 5180 par.
1185 5103 1339 5162 meeum.

610 5193 749 5264 Mea
768 5192 836 5253 tried
852 5212 879 5252 nr
896 5198 988 5268 munte
1006 5193 1147 5268 powiecie.
1878 5241 1880 5244 ,
1936 5235 1937 5240 ,

547 5342 552 5352 ,
576 5285 600 5360 ¹)
617 5283 713 5342 mdo
728 5285 829 5354 nobe,
847 5301 977 5359 sepem
994 5283 1110 5342 mou
1125 5285 1232 5358 may,
1249 5283 1356 5360 aiegdy
1374 5300 1399 5342 rr
1417 5283 1520 5356 moin.
1539 5285 1639 5360 ipone.
1658 5285 1852 5362 manahim.

478 5381 482 5392 '
526 5391 543 5418 ’ν
615 5373 798 5436 otum
814 5373 989 5452 erlefperai.
1008 5390 1033 5434 cr
1051 5379 1140 5438 tnta
1157 5374 1262 5450 niegdy
1280 5374 1493 5449 uolenddstute
1509 5375 1521 5437 i
1538 5377 1681 5452 punicae.
1767 5445 1769 5452 ,
1886 5392 1915 5408 ··

1758 5430 1890 5552 v,
