4720 6360
586 349 656 446 ai

588 573 688 643 unta
710 569 768 643 uel
792 589 915 644 eonrm
941 561 1085 664 aliquod
1108 561 1283 657 adiuuari,
1306 560 1544 666 producentes
1567 560 1736 646 hincinde
1763 566 1842 647 iura
1864 593 1942 658 ma,
1973 592 2125 672 nospes

588 697 642 750 se„
668 677 791 752 lacero
823 679 1012 752 voluerint
1051 677 1197 767 Quibus
1234 681 1346 765 visis,
1377 681 1587 764 masticatis,
1621 681 1829 773 ponderetis
1861 685 1898 754 et
1933 679 2126 772 deligenter

587 789 785 871 recensitis,
810 791 952 860 matius
974 786 1234 860 deliberacione
1256 789 1434 881 premissa
1457 793 1493 860 et
1516 787 1686 878 deligenti
1708 792 1847 862 sincero
1871 789 2018 862 consilio
2041 793 2125 868 inri-

588 913 669 968 cem
708 893 840 979 habito,
873 895 998 968 solum·
1026 895 1142 968 Deum
1178 895 1352 967 babentes
1386 915 1450 988 pre
1479 895 1603 982 oculis,
1635 895 1765 968 Christi
1788 899 1931 969 nomine
1954 897 2126 990 lnuocalo,

589 1023 655 1074 nos
679 1001 899 1076 Wladlslaus
931 1003 999 1076 Del
1033 1006 1158 1094 maela
1189 1023 1252 1076 rex
1288 1001 1431 1076 Polonle
1465 1007 1533 1076 etc.
1575 1007 1613 1076 et
1650 1001 1775 1076 eadem
1807 1006 1930 1094 gracia
1961 1001 2126 1084 Nlcolaus

589 1109 880 1204 uouiaplscopus
923 1111 1154 1196 Gneznensis,
1194 1111 1344 1184 lacobus
1378 1109 1560 1184 Plocensls
1602 1115 1640 1183 et
1671 1111 1840 1184 Albertus
1878 1111 2126 1190 Poananlensls

589 1219 910 1309 compronincioles
948 1222 1119 1312 episcopi,
1158 1217 1335 1291 cnmmm
1376 1217 1625 1303 Saudeoensis,
1667 1219 1831 1292 Clemens
1871 1217 2126 1312 Wpsliclensis,

588 1324 775 1398 lanusslns
807 1325 1020 1400 llnlislensis
1055 1329 1093 1399 et
1125 1325 1295 1398 Nicolaum
1331 1325 1595 1418 Woyniciensis
1630 1327 1815 1400 castellani
1840 1325 1950 1418 ,regul
1988 1323 2129 1405 Polonle

589 1436 752 1529 pretacti,
776 1453 915 1507 necnon
931 1434 1108 1508 lohannes
1132 1433 1177 1506 dc
1192 1435 1325 1523 Lubpn
1348 1439 1385 1506 et
1406 1433 1559 1507 Michael
1577 1433 1706 1507 Bliden
1719 1429 1945 1506 decretorum
1959 1431 2144 1526 doctores,

590 1542 754 1615 canonici
789 1540 1061 1627 Poananlenses,
1102 1541 1236 1626 arbitri,
1269 1541 1500 1614 arbitratoree
1533 1548 1570 1614 et
1584 1547 1588 1554 '
1604 1540 1820 1615 diffinitores
1843 1544 1996 1637 preteeti
2019 1546 2128 1621 eciam

482 1707 487 1716 .
590 1651 736 1722 nomine
774 1648 910 1722 domini
947 1649 1118 1722 lobannis
1161 1650 1320 1742 episcopt
1355 1647 1669 1722 Wladislauiensts
1708 1649 1920 1722 infirmitate
1960 1649 2129 1743 impediti,

455 1831 459 1838 ,
591 1755 761 1834 coarbltri
793 1759 917 1842 nostrl,
953 1761 999 1830 ln¹
1021 1757 1093 1850 hijs
1117 1759 1260 1850 scriptis
1295 1756 1497 1842 laudamus,
1532 1756 1735 1830 dillinimus
1764 1763 1800 1830 et
1833 1760 2130 1850 pronuneeiamus

594 1863 831 1936 concorditer:
878 1867 915 1956 (ξ
939 1869 974 1954 1)
997 1864 1175 1958 Inprimis,
1199 1864 1294 1955 quod
1309 1865 1394 1937 cille
1410 1865 1557 1958 capituli
1573 1871 1768 1957 presentes,
1791 1863 2129 1954 auennensem,

593 1973 785 2058 Wusraoo,
809 1973 1018 2058 Smeceialre,
1042 1975 1224 2058 namne,
1249 1975 1365 2046 θοτοα
1389 1975 1516 2060 minor,
1539 1974 1752 2062 Gairnclpao
1771 1975 1899 2058 malus,
1923 1973 2130 2063 Gaimdvno

592 2081 725 2166 minus,
748 2081 902 2166 Sulosoo,
926 2084 1106 2170 Opotowo,
1131 2082 1309 2170 dampna,
1333 2083 1498 2153 Praicuti
1519 2099 1630 2174 prope
1646 2083 1881 2168 Moneanplou,
1905 2081 2129 2171 llanmpero,

511 2183 515 2192 '
591 2190 762 2260 Paumwc
777 2188 925 2280 bynum,
948 2189 1163 2274 Boraaoroo,
1186 2191 1349 2276 Zpdouro,
1367 2191 1600 2274 Wcliacberoo,
1624 2191 1894 2272 Brocseacberco,
1910 2189 2129 2278 Bpscupiaee,

591 2298 821 2386 Popoorcr'eae,
860 2298 1075 2391 sescupiae,
1107 2297 1331 2384 Wopucsino,
1370 2297 1622 2385 Sescponoowo
1655 2315 1836 2386 magnum,
1885 2295 2131 2384 Scoeeponcouo

593 2405 724 2490 minus,
761 2403 922 2494 Portuno
952 2407 1080 2489 malus,
1115 2406 1276 2492 Porlmro
1307 2406 1438 2488 minus,
1474 2406 1644 2493 Bpertino
1674 2402 1831 2496 opidum,
1865 2403 2066 2476 Nestronno
2098 2413 2133 2477 et

592 2512 702 2600 Bellen,
747 2532 832 2584 cum
883 2511 1107 2596 molendinis,
1153 2513 1359 2595 Slotdoowo,
1403 2511 1597 2597 Ostroroite,
1643 2513 1843 2596 Polonowo,
1888 2511 2130 2598 Otdrsr’cboroc,

593 2619 820 2704 Coritlscoooo,
850 2620 1008 2708 Gaesao,
1036 2621 1260 2708 umquam,
1291 2619 2131 2708 1aeeoee,0strow,Wopoercee,oosaucnpno,

593 2730 765 2810 Porcaoo,
795 2729 1032 2810 Steroomires,
1056 2729 1263 2816 Budzeelorc
1279 2732 1316 2800 et
1330 2731 1495 2799 Ptaceino
1519 2746 1602 2798 cum
1617 2728 1758 2798 Oborlro
1774 2741 1809 2798 et
1824 2725 1955 2811 luture,
1972 2725 2132 2800 ammodo

593 2833 736 2929 nonad
758 2838 929 2928 prepositi
952 2837 1132 2928 presentis
1160 2835 1219 2906 uel
1241 2835 1456 2920 futuromrm,
1485 2836 1549 2926 qul
1572 2855 1635 2927 pro
1658 2841 1818 2928 tempore
1839 2833 1985 2920 luerint,
2012 2832 2133 2928 prepo

595 2944 758 3026 sitomm,
782 2940 1029 3035 donacionem,
1054 2941 1341 3036 disposicionem,
1365 2945 1528 3032 regiaren
1549 2943 1609 3014 uel
1632 2941 1873 3026 collacionem,
1903 2939 1969 3014 scd
1992 2939 2038 3014 ad
2059 2961 2132 3035 pro

597 3055 779 3123 curatores
802 3049 961 3142 capituli,
996 3069 1086 3141 qnos
1109 3052 1313 3143 prepositus
1338 3055 1375 3122 ct
1397 3051 1597 3144 capitulum
1620 3049 1667 3122 ad
1688 3049 1757 3122 hoe
1780 3047 1920 3122 duxerit
1943 3047 2132 3140 eligendos,

595 3165 760 3252 spectare
790 3163 827 3229 et
855 3159 1034 3250 pertinere
1057 3156 1198 3254 debent
1245 3158 1308 3242 ltu,
1339 3165 1381 3230 ut
1403 3162 1649 3250 procuratores
1678 3156 1790 3250 iidem
1814 3176 1955 3242 cenam,
1985 3156 2131 3241 lructru,

594 3264 768 3350 redditus,
802 3264 1042 3338 obuenciones
1074 3270 1111 3338 et
1143 3270 1341 3360 prouentus
1373 3265 1418 3339 de
1450 3267 1539 3359 lpsis
1573 3265 1678 3352 villis,
1721 3265 1872 3358 allodljs,
1914 3261 2132 3348 molendinis,

593 3375 717 3467 pratis,
742 3375 898 3466 pascuis,
922 3373 1037 3458 siluis,
1061 3373 1279 3458 nemoribus,
1296 3372 1457 3460 lacubus,
1481 3376 1657 3466 piscarlis,
1683 3375 1785 3464 aquis
1802 3379 1838 3446 et
1848 3371 2132 3467 possessionibus

595 3481 710 3573 ipsius
750 3479 897 3573 capituli
931 3481 1167 3573 presentibus·
1190 3485 1226 3554 et
1258 3481 1391 3554 luturis
1420 3483 1681 3574 proueniantes,
1712 3479 1867 3552 fideliter
1899 3479 2069 3571 colligant
2100 3481 2135 3550 et

594 3591 689 3661 inter
712 3589 884 3682 personas
914 3589 1140 3681 capitulares
1165 3593 1254 3682 aput
1276 3591 1465 3662 ecclesiam
1489 3587 1699 3672 residentes,
1726 3593 1910 3681 presentes
1933 3591 1973 3661 in
1995 3587 2151 3669 diuinis·

595 3695 748 3786 singulis
778 3695 905 3768 diebus
933 3699 970 3768 et
991 3693 1241 3788 temporibus·
1258 3717 1323 3789 per
1356 3700 1575 3790 prepositum
1613 3701 1647 3768 et
1683 3696 1878 3789 capitulum
1914 3694 2135 3791 deputandis,

596 3823 660 3896 per
696 3823 833 3876 annum
863 3803 1081 3876 distribuant
1108 3803 1291 3895 equaliter,
1326 3809 1402 3877 tarn
1425 3807 1616 3897 preposito,
1650 3807 1681 3876 si
1705 3824 1852 3897 presens
1875 3804 1993 3888 luerit,
2031 3821 2134 3895 quam

597 3911 693 4004 ellim
722 3914 841 3984 curias
864 3931 1017 4002 quoque,
1041 3932 1154 3996 arces,
1178 3911 1303 3985 donros
1328 3916 1365 3985 et
1383 3919 1478 3985 ortos
1501 3916 1680 4005 pretectos
1705 3915 1739 3984 ct
1756 3917 1945 4005 pretectes,
1968 3913 2134 3984 recentes

596 4023 633 4090 et
660 4023 849 4092 vacaturos
873 4039 939 4091 seu
956 4024 1157 4105 vacaturas,
1182 4023 1363 4114 prepositi,
1387 4029 1462 4093 tam
1486 4039 1645 4113 presens,
1669 4039 1779 4110 quam
1802 4021 1923 4102 turturi,
1942 4020 2134 4112 ⁸existentes

597 4147 660 4218 pro
695 4130 865 4220 tempore,
900 4147 983 4200 cum
1016 4129 1164 4200 consilio
1195 4136 1231 4200 et
1262 4148 1440 4201 consensu
1469 4131 1584 4220 ipsius
1614 4127 1770 4220 capituli,
1810 4129 1847 4200 in
1871 4133 1958 4200 tunc
1981 4127 2134 4220 proximo

598 4237 754 4328 capitulo
784 4234 953 4326 generali,
986 4237 1018 4308 ei
1047 4255 1195 4328 presens
1219 4234 1338 4321 luerit,
1371 4237 1527 4328 alioquin
1558 4237 1636 4308 eius
1659 4239 1738 4307 viee
1762 4237 1879 4308 senior
1901 4235 2059 4327 prelatus
2081 4229 2134 4304 uel

598 4345 791 4416 eanonicus
814 4341 1001 4433 presidens
1025 4343 1171 4434 prelatis
1195 4345 1254 4416 uel
1278 4347 1461 4419 carnonicis
1485 4344 1741 4436 capitularibus
1771 4343 1958 4416 dumtaxat
1980 4341 2135 4429 conferre

597 4454 771 4524 teneatur.
819 4450 959 4539 Resque
993 4455 1029 4522 et
1052 4455 1171 4524 cetera
1200 4469 1264 4543 per
1292 4455 1481 4524 intestatos
1513 4450 1750 4524 decendentes
1781 4453 1980 4536 canonicos,
2011 4469 2080 4541 que
2101 4449 2135 4516 ln

598 4561 719 4651 curljs,
751 4557 927 4642 domibus,
957 4559 1045 4630 ortis
1073 4559 1132 4630 uel
1164 4561 1256 4632 areis
1285 4560 1420 4633 luerint
1442 4561 1576 4645 relicta,
1608 4561 1702 4631 sicut
1732 4561 1789 4631 lus
1813 4579 2002 4632 commune
2026 4556 2136 4646 dispo·

598 4669 681 4750 suit,
706 4665 932 4758 deputentur.
978 4665 1032 4737 Ne
1055 4672 1176 4740 aretem
1200 4671 1423 4760 prepositure
1454 4667 1589 4759 aliquid
1619 4667 1839 4740 abstractum
1871 4667 1931 4738 uel
1959 4666 2135 4738 sublatum

598 4773 763 4847 videatur
786 4794 829 4846 ex
852 4777 915 4857 eis,
947 4793 1056 4866 super
1083 4775 1224 4866 quibua,
1255 4779 1430 4868 utsupra
1459 4778 1630 4866 tangitur,
1662 4777 1862 4868 prepositus
1886 4780 1922 4847 et
1946 4771 2135 4867 capitulum

599 4877 860 4967 discordabant,
885 4902 928 4953 ex
951 4882 1046 4954 villis
1071 4884 1218 4975 capituli
1241 4884 1347 4956 villas
1371 4887 1540 4956 Gosdorm
1565 4887 1600 4954 et
1624 4887 1820 4984 Mnicboioo
1834 4883 1905 4976 ipsi
1920 4881 2135 4978 prepositure

599 5009 739 5064 exnunc
763 4989 930 5062 addimus
953 4991 992 5060 in
1022 4991 1277 5082 proprietatem
1300 4997 1522 5085 perpetuam,
1553 4991 1665 5064 saluis
1690 4995 1805 5064 eciam
1828 4994 1896 5084 ipsi
1920 4991 2137 5084 prepositure

598 5096 684 5171 ailla
706 5099 976 5170 Scarbimirztcc
1000 5119 1042 5171 ac
1065 5098 1214 5170 decimis
1239 5105 1275 5170 et
1298 5100 1467 5172 oenalbus
1497 5101 1542 5171 ab
1566 5101 1651 5172 olim
1676 5099 1726 5198 ad·
1744 5098 1897 5172 lundum
1921 5100 2137 5192 prepositure

599 5205 856 5296 spectantibus
886 5225 994 5298 super
1017 5206 1248 5301 quibusipsi
1279 5209 1436 5301 capitulo
1466 5215 1680 5302 perpetuum
1711 5210 1899 5281 silentium
1923 5209 2135 5300 imponimus

599 5333 662 5406 per
694 5319 888 5407 presentes.
937 5313 1038 5400 Quas
1068 5314 1158 5387 duas
1193 5315 1297 5387 uillas
1334 5317 1401 5408 hij,
1432 5319 1493 5406 qul
1526 5337 1568 5388 ex
1607 5317 1762 5409 capitulo
1791 5335 1886 5388 nunc
1910 5337 1970 5388 eas
2004 5315 2131 5388 tenent
