4714 6364
1755 445 1758 452 ⁴
1845 405 1910 486 207

391 647 454 726 2¹13.
500 627 596 700 141³.
621 619 678 694 die
703 623 756 694 19.
781 609 915 694 mensis
937 611 1081 712 Aprilis,
1106 617 1143 690 iu
1167 604 1330 690 Grodoo.'

535 817 753 892 wladislaus
783 817 822 889 il.
854 839 914 889 rex
942 815 1110 888 Poloniae
1139 814 1304 886 Michacli
1335 758 1548 886 sobolastico
1580 819 1616 885 et
1648 813 1796 884 officiali
1825 811 1914 884 Gne·

390 938 499 1026 sponsi
521 927 676 1012 mandat,
701 947 745 998 nc
769 927 870 997 litem
899 929 992 996 inter
1022 925 1189 994 Ioannem
1218 921 1460 1013 Bpmwonsky
1485 927 1520 992 ct
1543 922 1773 992 vincentium
1796 918 1915 1011 piloba·
2026 993 2030 1001 ,

109 1055 203 1164 ,⁹
306 1154 308 1159 Ι
393 1069 464 1132 num
487 1040 530 1112 dc
553 1039 775 1124 Gestpczpoo
798 1033 843 1105 de
867 1031 996 1104 debitis
1021 1031 1235 1124 quibusdam
1259 1030 1484 1123 pendentem,
1510 1027 1690 1101 diiudicet.

536 1235 574 1305 R.
622 1225 737 1302 Zakaa
769 1223 956 1322 powyiszy
984 1227 1139 1320 wpdany
1176 1227 1288 1298 zostal
1324 1248 1344 1298 a
1383 1232 1464 1317 tago
1503 1225 1665 1320 powodu,
1699 1229 1737 1297 ii
1775 1245 1917 1318 sprewa

392 1348 559 1456 pappiana
580 1338 687 1432 praed
709 1339 827 1410 iorum
851 1335 1019 1408 swiecirie
1043 1337 1176 1426 naleiy.
1223 1335 1262 1406 In
1287 1338 1435 1406 Gredrrc
1453 1335 1544 1406 icria
1560 1340 1688 1425 quarto
1701 1339 1784 1426 post
1806 1331 1915 1404 domi·

393 1467 496 1538 nicom
518 1447 852 1538 Ramispaimarum,
881 1485 919 1496 -
944 1444 1086 1516 Rctacio
1111 1443 1256 1516 Cristini
1280 1443 1465 1515 castellani
1489 1441 1737 1514 Sandeccnsis.

537 1642 693 1702 Arabicum
711 1641 868 1700 consistorii
886 1639 1132 1716 archiepiscopalis
1151 1641 1335 1709 Gncanerrsis,
1353 1647 1417 1697 octa
1434 1659 1460 1697 a.
1481 1639 1669 1698 1412-1413.

393 2071 458 2144 214.
503 2063 599 2132 1413.
624 2055 681 2128 dic
704 2059 735 2128 6.
761 2037 894 2128 mensis
916 2055 1020 2142 Iunii,
1043 2057 1081 2127 in
1107 2057 1287 2144 Wopieowo.

434 2275 438 2282 ·
539 2254 707 2328 Nicolaus
731 2253 776 2326 do
798 2257 987 2326 Micbotow
1009 2253 1190 2346 palatinus
1215 2249 1515 2324 Sandomiricnsis
1539 2255 1575 2324 ot
1591 2254 1800 2345 capitaneus
1827 2251 1919 2325 Sira-

393 2369 513 2442 dienais
534 2367 696 2448 testatur,
719 2361 969 2434 limitationem
991 2361 1127 2434 iactam
1151 2379 1230 2433 csse
1244 2359 1412 2432 villamm
1428 2361 1584 2448 Wraoco,
1610 2362 1783 2444 Wocioo,
1806 2363 1920 2448 Krau-

393 2495 489 2550 motoo
511 2475 548 2545 ct
569 2473 814 2544 Godaicszcwo.

539 2667 707 2742 Nicolaus
731 2667 776 2740 do
790 2669 978 2738 Micboloro
1000 2665 1194 2758 pallatinus
1219 2663 1520 2739 Sandominensis
1544 2671 1581 2743 ct
1596 2669 1805 2760 capitaneus
1830 2666 1921 2740 Sira·

395 2781 515 2853 diensis
538 2783 573 2849 ct
594 2775 742 2849 Iacobus
766 2773 812 2846 dc
833 2777 1016 2864 Ropossoo
1039 2775 1325 2846 succamerarius
1349 2775 1458 2846 otiam
1483 2773 1707 2860 Siradiensis,
1739 2775 1922 2865 significa·

396 2907 466 2960 mus
487 2889 606 2958 tenore
628 2885 856 2977 presencium
877 2885 1068 2968 vmuarsis,
1101 2880 1197 2973 quod
1220 2885 1298 2954 orta
1330 2883 1426 2971 inter
1456 2880 1694 2954 reuerendum
1717 2885 1756 2953 in
1780 2881 1921 2954 Christo

396 2999 529 3088 petrem,
552 2991 737 3064 dominmn
758 2989 947 3063 Nicolaum
969 2990 1037 3062 Dei
1061 2995 1097 3062 ct
1121 2990 1314 3083 apostolice
1338 2987 1441 3062 Sedis
1457 2991 1579 3080 gracia
1602 2995 1727 3062 sancte
1741 2989 1922 3064 (incanon-

395 3103 438 3172 ais
469 3101 615 3173 ecclesie
649 3098 956 3191 archiepiscopum
979 3119 1023 3170 ox
1045 3101 1127 3182 vna,
1163 3101 1199 3170 ct
1233 3097 1389 3170 nobilem
1420 3097 1564 3169 Petrum
1600 3097 1645 3170 do
1679 3099 1852 3171 Wroocao
1881 3117 1925 3170 ac

394 3211 591 3280 strennuum
614 3205 799 3279 dominum
822 3207 1015 3278 blartinum
1037 3205 1236 3296 Dambslry,
1261 3209 1416 3278 tutorem
1439 3203 1526 3277 dicti
1548 3203 1656 3298 Pctrj,
1679 3225 1744 3298 pro
1764 3209 1800 3278 et
1814 3226 1923 3299 super

395 3317 551 3408 muniens
573 3335 639 3387 scu
661 3313 836 3386 limitibus
859 3313 1026 3386 villarum
1043 3314 1246 3398 Wraoocao,
1273 3315 1450 3384 Wzocaioo
1474 3317 1510 3384 ct
1533 3313 1812 3402 Grpomcamcob
1836 3312 1924 3385 dicti
2051 3377 2053 3382 .

249 3417 253 3424 '
396 3419 477 3514 raaj
502 3443 544 3494 cx
565 3443 647 3509 rna,
670 3441 809 3495 necnon
833 3423 1115 3508 Godaeacbowob
1138 3421 1269 3514 profati
1292 3419 1428 3492 donnini
1449 3420 1707 3514 archicpiscopi
1722 3427 1759 3494 ot
1774 3423 1924 3494 ecclesio

397 3528 611 3616 cinnamo,
635 3551 678 3603 ax
701 3531 813 3603 altera
834 3529 1008 3623 partibus,
1038 3530 1192 3601 matoria
1214 3531 1422 3620 questionis,
1452 3527 1658 3622 huiusmodj
1683 3529 1817 3602 limitas
1841 3550 1925 3602 cum

398 3636 532 3726 pretatis
555 3638 733 3711 nobilibus
756 3636 859 3710 Petro
895 3643 932 3709 ct
961 3638 1113 3709 Martino
1143 3656 1207 3729 pro
1230 3640 1332 3728 parto
1356 3655 1490 3722 corum,
1524 3639 1561 3708 ci
1590 3636 1864 3733 honorabilibus
1883 3658 1926 3710 ac

397 3743 559 3818 nobilibus
581 3749 681 3832 viris,
712 3743 866 3818 dominis
891 3744 1214 3838 Swanthopelkonc
1238 3745 1459 3830 cancellarie,
1494 3743 1681 3830 Blisborio,
1705 3743 1933 3836 Praeduogio.

397 3855 428 3920 at
446 3851 566 3926 Iacobo
589 3856 769 3927 canonicis
793 3853 1071 3938 Gneanensibus,
1095 3852 1272 3942 Bogussio
1296 3851 1341 3924 do
1365 3853 1559 3942 Gombpcac
1587 3853 1813 3944 subagazonc
1836 3853 1926 3926 Lan·
1955 3875 1960 3886 ·

397 3958 530 4032 niciensi
552 3967 589 4034 ct
610 3961 791 4034 marsalko
815 3963 912 4033 curie
935 3959 1022 4032 dicti
1045 3959 1181 4032 domini
1212 3959 1473 4052 archicpiscopi
1500 3965 1537 4032 ct
1559 3959 1738 4033 Stonislao
1760 3959 1859 4034 Pcila
1882 3959 1927 4032 de

398 4063 637 4152 Brmmcaieza
658 4068 800 4142 tribuno
825 4066 1030 4154 Siradiensi,
1054 4088 1118 4160 pro
1142 4072 1243 4160 parte
1267 4065 1355 4139 dicti
1378 4065 1514 4138 domini
1537 4067 1807 4162 archicpiscopi,
1831 4088 1926 4142 anno

399 4167 529 4248 Domini
555 4177 744 4250 millesimo
768 4175 1119 4268 quadringentesimo
1150 4174 1354 4261 tredecimo,
1386 4180 1495 4259 sexta,
1510 4172 1568 4246 dic
1597 4177 1734 4248 mensis
1756 4174 1847 4268 iunij
1873 4179 1928 4248 sic

398 4273 623 4371 distinximus,
654 4286 808 4357 iacimus
832 4287 868 4356 ot
889 4304 954 4378 per
983 4287 1099 4355 certos
1130 4281 1306 4368 cumulos,
1336 4281 1451 4354 dictes
1474 4282 1656 4372 wlgaritcr
1684 4287 1809 4372 popm
1836 4283 1928 4356 desi·

398 4391 588 4478 tnauimus,
606 4381 611 4402 ‘
629 4413 751 4484 ymmo
794 4395 968 4486 ponentes
1007 4397 1080 4463 tres
1119 4391 1282 4464 cumulos
1320 4389 1435 4462 dictos
1472 4395 1734 4481 wonppcloitrp,
1775 4411 1928 4483 quorum

399 4495 500 4568 noter
528 4499 645 4573 dictus
669 4505 704 4573 ct
727 4503 999 4592 cognominatus
1035 4504 1090 4570 osi
1117 4499 1287 4590 probosca
1327 4519 1439 4592 prope
1476 4497 1588 4570 siluas
1627 4499 1742 4572 dictas
1759 4551 1761 4556 .
1776 4503 1927 4586 Koracu,
1972 4559 1975 4566 ,

398 4597 574 4691 Ctooeoo;
594 4611 682 4681 item
705 4609 765 4700 aiij
790 4611 863 4680 tres
887 4607 1023 4680 cumuli
1037 4609 1205 4678 continuo
1219 4626 1259 4678 sc
1275 4610 1477 4697 sequentes,
1501 4607 1595 4677 inter
1618 4605 1798 4699 predictas
1814 4609 1927 4680 siluas

361 4723 366 4732 ·
398 4711 429 4774 ct
457 4729 564 4786 vnum
596 4720 752 4808 signum,
788 4715 968 4806 wlgaritcr
998 4719 1174 4804 pronicao
1207 4716 1303 4786 circa
1336 4715 1522 4804 antiquam
1557 4713 1704 4800 ailuam;
1742 4717 1831 4788 item
1864 4737 1929 4808 por
2052 4733 2059 4746 ·

400 4807 504 4901 ipsam
526 4823 655 4896 siluam
678 4824 852 4896 Cleomene
875 4821 991 4895 eundo
1015 4821 1143 4894 decem
1173 4824 1279 4912 signa
1301 4823 1339 4894 in
1363 4821 1548 4893 arboribus
1572 4825 1608 4893 et
1631 4821 1702 4895 duo
1726 4824 1862 4896 cumuli
1885 4844 1928 4896 cx

401 4925 536 5016 tuoque
558 4937 658 5024 purte
681 4933 787 5016 siluc;
818 4932 905 5002 itam
935 4928 1052 5002 cundo
1083 4928 1129 5001 ab
1161 4932 1240 5021 ipso
1263 4924 1356 5000 silua
1386 4929 1560 5000 Cleonaeo
1589 4949 1704 5021 usquo
1728 4929 1775 5003 ad
1797 4933 1929 5004 siluam

399 5020 521 5106 dictum
544 5039 684 5128 thrrto
709 5037 984 5130 quatuordecem
1002 5037 1136 5130 cumulj
1163 5043 1199 5109 ct
1220 5039 1260 5109 in
1283 5036 1468 5108 arboribus
1492 5041 1645 5127 quatuor
1667 5041 1783 5130 signa,
1807 5045 1844 5114 ot
1865 5060 1930 5132 por

400 5127 505 5220 ¹imm
537 5145 667 5219 siluam
697 5144 814 5220 cundo
828 5237 830 5242 Ι
846 5147 884 5218 in
919 5145 1104 5239 arboribus
1139 5164 1235 5216 noua
1266 5147 1373 5234 signa
1407 5149 1443 5215 et
1474 5164 1517 5215 ex
1539 5149 1690 5236 viraque
1712 5151 1815 5239 parto
1837 5149 1930 5220 silue
1990 5213 1991 5217 ,

402 5243 590 5324 reustum
614 5254 796 5340 cumulus;
821 5255 907 5326 itam
932 5275 953 5327 a
976 5253 1069 5325 silua
1091 5251 1252 5345 predicta
1275 5253 1410 5325 Glioico
1433 5273 1547 5343 usqua
1570 5252 1616 5325 ad
1640 5255 1772 5326 siluam
1795 5253 1930 5328 dictam

401 5341 513 5442 Moero,
545 5359 588 5432 ex'
610 5367 758 5454 piraque
790 5366 892 5455 parte
923 5361 1016 5434 silue
1039 5381 1150 5449 vnum
1181 5363 1270 5432 item
1293 5381 1316 5443 a
1337 5358 1500 5455 predicta
1531 5363 1625 5434 silua
1658 5363 1786 5436 Macra
1811 5361 1929 5436 eundo
