4720 6360
1059 481 1238 534 μὴ

1847 521 1911 607 la
1964 648 1967 654 ἱ

225 713 253 798 ι’·
338 788 342 794 ·
404 771 499 844 amm
521 719 710 818 eamndem
732 754 796 826 pro
819 739 978 826 tempore
1001 753 1064 827 pro
1088 719 1251 806 ducentis
1268 724 1413 806 marcis
1445 753 1663 824 groseomm.
1680 733 1912 824 Pragensium

404 857 520 948 prmcri
554 845 738 944 prescripti
773 863 903 916 census
938 863 1002 914 seu
1038 845 1248 936 pensionem
1284 843 1371 913 alios
1406 846 1594 936 perpetuos
1631 864 1667 912 ιιι
1699 841 1780 932 eliJs
1804 843 1911 912 certis

404 973 487 1048 roms
508 973 569 1054 pro
592 952 697 1025 dictis
722 953 826 1022 altari
849 957 885 1022 et
900 953 1070 1038 ‚ministro
1095 953 1171 1022 eius
1201 971 1264 1042 pro
1288 955 1447 1043 tempore
1472 1005 1711 1021 ........
1736 968 1909 1020 consensu

1 1037 10 1062 '
57 1099 67 1111 .
133 1109 141 1123 ,
194 1037 239 1080 ‘⁹'
337 1149 339 1156 s
402 1071 527 1174 ,appuli
550 1061 799 1154 Poznanicnsis
822 1063 858 1130 et
883 1061 1035 1130 ministri
1059 1057 1207 1152 predicti
1232 1061 1382 1129 emerint
1406 1061 1501 1130 etin
1524 1057 1683 1129 redditus
1707 1062 1744 1128 et
1766 1075 1912 1150 prouen-

402 1169 721 1266 „aecclesiasticos
746 1166 849 1238 altari
872 1171 909 1237 et
930 1169 1093 1238 ministro
1117 1165 1250 1237 eisdem
1275 1167 1491 1258 incorporari
1521 1171 1557 1236 et
1589 1166 1762 1236 intitulari
1790 1183 1913 1256 procu·

403 1287 539 1374 moerint
578 1278 653 1367 loco
691 1275 833 1363 viglinti
872 1274 1098 1346 marcharum
1135 1277 1435 1366 prelseriptarnm.
1481 1273 1555 1346 Nos
1589 1271 1912 1365 supplicacionibus

402 1395 522 1480 iesous
545 1382 672 1478 prelati
702 1381 867 1454 Iohannis
897 1383 1068 1466 inclinati,
1104 1386 1255 1472 votaque
1285 1402 1421 1472 suaque
1451 1380 1642 1454 laudabilia
1666 1400 1707 1451 co
1731 1383 1844 1452 eciam
1868 1379 1913 1452 ad

401 1509 518 1588 nillum
540 1493 699 1564 diuinum
731 1489 935 1578 augendum
966 1489 1073 1578 digne
1104 1489 1346 1581 promouenda
1376 1489 1665 1561 commendantes
1690 1509 1732 1558 ae
1754 1489 1913 1560 volentes
2001 1521 2005 1530 ·

401 1631 469 1688 ιιιοι
489 1608 525 1678 ln
546 1619 585 1672 se
607 1650 783 1670 ......
807 1615 871 1689 pro
894 1599 969 1668 suls
986 1598 1132 1694 meritis,
1156 1597 1285 1686 quibus
1306 1595 1400 1688 apud
1416 1617 1481 1668 nos
1497 1603 1533 1668 et
1552 1597 1739 1668 ecclesiam
1755 1600 1913 1668 nostram

401 1727 530 1809 lignum
552 1727 591 1778 se
613 1703 766 1776 reddidit
789 1704 1046 1796 abprobatum,
1080 1707 1118 1776 in
1147 1707 1226 1796 ipsa
1257 1703 1406 1776 ecelesia
1436 1705 1637 1796 specialiter
1659 1703 1841 1788 honorare,
1875 1711 1915 1774 ut

373 1823 491 1902 .ceterl
525 1812 683 1905 exemplo
721 1815 798 1884 eius
833 1811 931 1882 ducti
965 1811 1135 1883 laudabili
1172 1811 1218 1882 ad
1250 1811 1481 1884 deuoeionem
1515 1817 1551 1884 et
1584 1809 1795 1883 fidelitatem
1829 1829 1914 1900 erga

402 1941 499 2028 ipsam
522 1921 708 1995 ecclesiam
730 1925 890 1992 nostram
923 1924 1029 2010 atque
1060 1939 1125 1991 nos
1159 1917 1346 1991 ardencius
1381 1920 1661 2003 inflaminentur,
1694 1919 1804 1990 altare
1838 1937 1914 2010 pre·

401 2043 517 2112 dictum
538 2047 601 2122 per
623 2047 707 2099 eum
731 2030 977 2098 consensimus
1001 2032 1037 2099 et
1060 2029 1303 2099 concessimus
1321 2026 1530 2118 erigendum
1554 2033 1590 2100 et
1613 2025 1847 2110 fundandum,
1872 2046 1914 2098 ιο

401 2141 617 2226 adbonorem
639 2135 706 2206 Dei
729 2141 765 2206 et
787 2135 1010 2207 quencionis
1034 2140 1157 2206 sancte
1181 2133 1313 2220 Crucis
1338 2134 1661 2228 Concepeionisque
1683 2133 1787 2206 beata
1804 2133 1913 2206 Murie

401 2248 529 2340 uirginis
551 2245 726 2316 ereximus
749 2245 786 2314 et
808 2245 978 2332 erigimus
1002 2263 1045 2314 ex
1068 2247 1166 2314 certa
1196 2248 1318 2316 nostre
1341 2245 1497 2314 selencia
1524 2245 1563 2314 in
1593 2241 1729 2334 capella
1759 2241 1914 2314 ambitus

401 2375 491 2453 penes
511 2353 628 2424 locum
652 2349 884 2442 capitularem
906 2353 945 2422 in
969 2348 1092 2422 dextra
1114 2355 1215 2442 parte
1239 2351 1337 2424 ebori
1360 2349 1454 2422 dicte
1475 2351 1624 2422 ecclesie
1647 2355 1766 2423 nostre
1788 2370 1914 2422 versus

399 2461 599 2536 occidentem
621 2461 835 2544 constructa,
859 2477 967 2548 quam
991 2461 1106 2530 eciam
1129 2458 1303 2550 capellam
1326 2461 1364 2532 in
1386 2461 1462 2530 suis
1493 2461 1597 2530 tectis
1621 2463 1658 2530 et
1675 2455 1914 2530 testudinibus

199 2526 222 2588 '⁵
254 2613 258 2620 -
399 2579 490 2662 atque
520 2568 734 2659 pauimentis
767 2565 921 2638 dumet
956 2569 1126 2656 quociens
1159 2564 1353 2659 expedierit
1389 2566 1635 2659 reparandam,
1676 2568 1734 2638 ius
1775 2585 1915 2657 quoquc

1 2941 53 2994 us
100 2925 219 3001 Pozen-

1 3032 49 3101 us
86 3033 134 3104 ad
157 3039 218 3110 cul·

1 3159 34 3220 u,
74 3138 216 3215 deuorio

1 3265 22 3316 a
62 3267 90 3317 a
121 3251 215 3321 nobis

1 3373 58 3425 tos
87 3361 214 3448 specia-

1 3481 27 3532 n
54 3469 211 3534 nostrum

24 3573 99 3652 est,
125 3571 210 3659 quod

1 3678 210 3764 edezino

10 3786 209 3854 Kaczluuo

1 3893 207 3980 ‘coagitans

1 3999 207 4069 sommare-i·

1 4104 121 4176 >sibi
146 4103 206 4173 col·

1 4230 203 4283 mmmm

5 4323 139 4391 nostre
172 4320 202 4385 in

9 4429 52 4498 in
70 4427 201 4496 Parcio-
240 4463 243 4470 ·

5 4553 80 4628 pro
104 4530 200 4602 altari

1 4639 134 4720 >lucis
168 4647 197 4703 el

1 4750 86 4842 ansi,
117 4761 196 4828 arga

344 2684 352 2696 ’
402 2677 588 2772 pauonatus
611 2677 648 2744 et
669 2671 878 2746 nominandi
902 2693 944 2747 ae
967 2666 1196 2766 presentebdi
1218 2677 1424 2746 ministrum
1454 2693 1519 2746 seu
1541 2678 1714 2746 rectorem
1740 2693 1804 2766 pro
1827 2677 1914 2746 tem·

401 2803 470 2878 pora
490 2779 648 2854 desdam
672 2781 794 2854 simne
817 2784 887 2874 ipsi
908 2781 1057 2854 Iohanni
1080 2787 1117 2853 et
1138 2781 1257 2853 liberis
1281 2785 1358 2854 suis
1382 2803 1425 2854 ιο
1454 2784 1569 2854 eciam
1592 2781 1719 2854 domrrs
1743 2785 1779 2854 et
1801 2782 1914 2854 clano
2035 2835 2037 2840 ,

400 2891 439 2982 dij
460 2909 600 2962 suorum
622 2887 812 2961 heredibus
835 2889 1155 2982 propinquioribus,
1183 2910 1246 2982 per
1267 2891 1400 2963 bneam
1432 2891 1668 2965 masculinam
1699 2889 1744 2962 ab
1774 2909 1815 2963 eo
1838 2889 1915 2962 des·

399 2995 621 3082 candentibus,
646 2995 691 3068 de
712 2997 970 3070 venerabilium
994 2997 1146 3070 iratrum
1169 3003 1382 3082 nostrorum,
1407 2998 1554 3090 capituli
1568 2999 1681 3070 nostrl
1703 2997 1915 3070 Poznenlen·

400 3107 441 3175 sis
461 3123 632 3176 consensu
660 3109 831 3198 perpetuo
865 3103 1029 3178 dedimus
1061 3107 1098 3176 et
1127 3104 1351 3190 donauimus,
1382 3103 1580 3196 damusque
1610 3109 1647 3178 et
1675 3105 1850 3178 donamus
1874 3125 1916 3178 ac

400 3231 511 3284 tensus
541 3215 756 3304 prescriptos
791 3211 885 3284 dieto
921 3212 1024 3284 altari
1053 3213 1092 3284 in
1126 3211 1245 3285 dotem
1281 3216 1491 3286 anneximus
1521 3217 1558 3286 et
1588 3213 1850 3286 intitrlauimus
1875 3234 1916 3286 ιο

401 3320 695 3410 ueorporammus,
719 3322 954 3406 annectimus,
983 3319 1207 3392 intitulamus
1232 3325 1268 3392 et
1289 3323 1566 3414 incorporamus,
1597 3321 1764 3414 ipsosque
1787 3341 1916 3394 census

343 3472 352 3489 .
400 3426 536 3511 ἰιιιιὶοι,
558 3425 718 3500 redditus
742 3431 779 3500 et
800 3432 995 3520 prouentus
1019 3428 1280 3500 ecclesiasticos
1311 3427 1387 3500 iore
1419 3427 1615 3500 censendos
1645 3432 1850 3514 etcenseri,
1881 3435 1917 3502 et

402 3535 434 3601 ut
459 3532 543 3605 telae
566 3533 613 3606 ad
634 3534 753 3607 iorum
777 3540 813 3608 et
834 3534 1101 3608 iurisdicionem
1131 3535 1392 3608 ecclesiasticos
1422 3540 1594 3628 spectare,
1624 3535 1917 3628 libertatibusque

401 3643 430 3706 et
448 3639 726 3716 immunitatibus
750 3643 1002 3716 ecelesiasticis
1026 3645 1252 3716 eomunieare
1274 3663 1318 3715 ιο
1339 3641 1575 3718 reddituarios
1599 3663 1722 3716 eorum
1743 3662 1807 3736 pro
1830 3648 1917 3716 tern-

402 3762 481 3834 pore,
502 3750 534 3819 sl
556 3753 592 3821 et
613 3752 783 3841 quociens
806 3751 1036 3842 neglexerint,
1062 3750 1107 3824 ad
1130 3751 1349 3824 solucionem
1368 3749 1526 3823 debitam
1538 3753 1698 3844 ipsorum
1719 3771 1784 3844 per
1805 3771 1939 3847 penas¹

400 3856 430 3919 et
448 3872 609 3930 censuras
640 3859 901 3932 ecclesiastieae
932 3859 1097 3952 compelli
1127 3857 1254 3930 debere
1288 3858 1513 3931 demeuimus
1544 3863 1580 3931 et
1608 3857 1831 3930 decernimus
1855 3879 1919 3952 per
2000 3883 2008 3894 ·

401 3967 575 4047 paeones.
619 3963 666 4038 lit
690 3985 772 4038 cum
793 3972 939 4060 propter
960 3965 1124 4038 officium
1146 3965 1256 4038 ilatur
1277 3965 1505 4052 beneficium,
1529 3971 1565 4039 et
1586 3987 1633 4054 ne
1656 3966 1773 4040 dietus
1795 3966 1917 4040 Iohan-

402 4081 454 4136 nes
477 4075 567 4144 rotis
597 4076 683 4160 suls,
718 4075 847 4166 enque
879 4079 915 4146 et
949 4074 1036 4146 dieti
1070 4073 1236 4165 symona
1270 4079 1436 4168 parentes
1469 4073 1671 4146 salubribus
1703 4075 1918 4147 irustrentur

401 4171 579 4270 sullmgps,
610 4180 747 4254 dictum
776 4181 887 4254 altare
917 4189 954 4255 et
977 4185 1054 4254 eius
1085 4183 1289 4276 ministrum
1310 4201 1375 4274 pro
1406 4187 1565 4274 ternpore
1593 4201 1782 4254 oneramus
1805 4183 1918 4256 tribus

294 4301 299 4309 ’
402 4281 516 4370 missis,
551 4307 624 4360 rna
645 4287 812 4362 videlicet
843 4289 889 4362 de
911 4294 1038 4363 saneta
1076 4287 1198 4376 Cruce,
1236 4289 1396 4364 secunda
1419 4309 1519 4362 ‚vero
1556 4287 1600 4363 de
1638 4288 1744 4362 beate
1780 4292 1919 4382 uirgine
2030 4279 2031 4284 ‘

402 4379 505 4476 ”tria
539 4399 575 4466 et
601 4399 712 4470 tercia
741 4416 806 4491 pro
842 4397 1021 4470 defunctis
1054 4397 1206 4488 singulis
1239 4400 1450 4490 septimanis
1485 4399 1580 4482 anni,
1618 4395 1755 4483 diebus,
1789 4398 1918 4490 qulbus

402 4498 502 4584 magns
524 4499 630 4593 digne
652 4509 688 4577 et
711 4503 881 4577 deuectus
903 4505 1043 4597 poterit,
1067 4525 1131 4598 per
1153 4505 1307 4577 eundem
1330 4505 1534 4577 ministrum
1563 4505 1623 4576 uel
1653 4505 1764 4578 adum
1790 4527 1853 4598 pro
1877 4527 1918 4592 eo

402 4601 619 4685 presbiterum
646 4613 786 4704 inipso
811 4613 914 4686 altari
942 4611 1114 4702 legendis,
1146 4615 1303 4706 exceptis
1332 4617 1455 4685 temen
1484 4611 1763 4702 Quadregesime
1793 4613 1918 4710 diebus

402 4711 651 4805 “spumante
674 4718 881 4791 Natiuitatis
904 4719 1242 4812 Resureceionisque
1264 4720 1410 4792 Domini
1433 4723 1539 4810 atquae
1561 4719 1813 4793 Pentheeostes
1837 4707 1918 4814 alle

401 4827 525 4908 tuoque
546 4822 648 4898 iestis
672 4824 869 4899 celebribus
899 4830 939 4899 in
960 4829 1037 4900 suis
1067 4827 1202 4920 officijs
1224 4826 1449 4928 peragendis,
1480 4827 1677 4919 dequibus
1700 4833 1787 4900 tunc
1809 4831 1919 4902 misse

402 4911 468 4994 ¹⁰⁰⁰
487 4935 857 5024 supranominatorum
880 4935 1160 5028 complebuntur.
1207 4934 1283 5023 Qua
1306 4937 1427 5008 omnia
1449 4939 1486 5008 et
1507 4935 1649 5026 singula
1672 4939 1725 5008 sie
1748 4935 1920 5030 disposita

401 5033 431 5092 ἢ
448 5033 604 5112 ordinata
624 5047 667 5114 vt
687 5041 795 5114 iirnm
817 5048 1061 5136 permaneant,
1093 5047 1268 5136 presentis
1292 5045 1416 5136 scripti
1445 5043 1640 5136 patrocinio
1664 5043 1919 5118 confirmamus

403 5145 762 5228 adaucturum
806 5149 848 5222 ln
871 5152 973 5222 cuius
1008 5152 1060 5224 rel
1082 5153 1328 5224 oesbmomum
1365 5156 1527 5224 nostrum
1559 5154 1596 5222 et
1632 5151 1779 5244 capituli
1807 5155 1919 5226 nosti

404 5242 535 5324 lmdiell
556 5257 673 5347 sigilla
695 5257 920 5351 presentibus
944 5263 1029 5331 sunt
1053 5277 1220 5352 appensa.
1267 5259 1400 5330 Actum
1423 5262 1459 5329 et
1482 5255 1607 5329 datum
1624 5257 1799 5331 Pomanie
1821 5259 1920 5332 XVlI

402 5338 450 5416 ⁶¹0
471 5365 599 5434 mensis
628 5363 851 5451 Novembris,
882 5385 974 5438 enno
1004 5366 1149 5438 Domini
1180 5366 1369 5462 millesimo
1398 5363 1748 5456 quadringentesimo
1772 5366 1919 5440 decimo.

404 5443 610 5544 ll‘sterilibus
634 5476 670 5544 et
693 5473 1001 5546 corseneientibus
1024 5472 1286 5547 venerabilibus
1315 5471 1485 5545 trabibus
1515 5475 1662 5546 nostris:
1708 5471 1817 5546 Pella
1844 5495 1920 5571 pre·
