4668 6352
371 584 440 666 2⁷0

368 791 521 882 llacleJa
544 788 789 884 prolrurolora,
820 789 972 882 llaolaje
996 789 1265 872 mleszcranlna,
1297 789 1466 880 llllmlala
1489 787 1630 882 Garpke
1651 811 1670 862 z
1693 793 1904 890 Kczirm'rso,
1938 835 1942 847 ·

372 897 1010 983 WlodlrazoSlcwoezcuo,llartosne
1021 917 1039 968 n
1050 897 1328 981 Nialroicstomo,
1345 895 1515 988 bliirolaje
1528 899 1692 990 soltysan
1704 900 1904 996 linonicum,

372 1005 542 1098 llilroleja
565 1007 701 1096 eoltysn
723 1027 743 1078 ι
766 1008 994 1090 amaseam,
1025 1024 1047 1077 a
1076 1009 1113 1076 to
1144 1024 1191 1078 na
1214 1003 1374 1078 wniosck
1404 1004 1558 1078 llicbaia
1589 1005 1781 1100 plebanae
1803 1013 1905 1092 licei·

370 1116 487 1186 mirzc
509 1134 530 1186 o
554 1132 681 1206 penne
703 1113 850 1208 saloriy.

534 1308 690 1368 Arabicum
708 1311 866 1370 consistorii
885 1307 1131 1386 octuplum-i·
1149 1309 1332 1378 Gnmwss.
1349 1317 1414 1369 αἱ*
1431 1327 1458 1368 Ι-
1479 1311 1557 1372 1418·

533 1489 555 1562 ¹)
578 1489 739 1560 cimice,
758 1507 887 1566 septem
907 1489 973 1548 erici
991 1507 1017 1546 rr
1034 1506 1105 1565 porr.
1123 1486 1296 1548 tonilum

504 1599 505 1602 ¹
576 1577 737 1653 &morire
754 1597 884 1660 apenos
900 1577 967 1641 etet
986 1598 1011 1637 rr
1028 1597 1099 1658 pov.
1117 1577 1284 1658 slupeeklm.

305 1962 309 1968 *
372 2017 473 2088 282·
500 2017 598 2086 1418.
623 2012 682 2086 dle
706 2019 760 2087 18.
784 2011 919 2088 mensis
942 1982 1044 2100 lunii,
1068 2013 1243 2088 Gnesuee

534 2209 661 2283 ludicii
682 2214 861 2284 terrestris
893 2210 1120 2284 Galisslensis
1150 2135 1344 2296 decretum,
1374 2212 1468 2284 inter
1489 2211 1713 2286 teonmdum
1736 2220 1907 2308 praeposi.

372 2323 474 2499 {iudum
489 2321 698 2500 r‘rlrlonnsstgsrii
736 2318 953 2446 Strelnensis
991 2321 1028 2392 ct
1066 2317 1286 2392 Stanisiaum
1321 2324 1586 2413 procuratorem
1624 2319 1670 2394 de
1707 2323 1909 2444 Krossaicc

535 2623 612 2698 Nos
634 2625 815 2698 lacusslus
837 2625 941 2699 lacco
963 2624 1008 2698 de
1022 2626 1207 2698 'Wilceiuc
1236 2623 1342 2698 luder
1369 2629 1407 2697 et
1427 2567 1637 2698 Bodaantbe
1659 2624 1703 2698 de
1726 2625 1909 2718 Ollcporoo

374 2732 552 2806 subinder
581 2726 797 2806 ¹llalisiensis
834 2733 1031 2824 generales,
1068 2732 1320 2824 significemus
1354 2735 1477 2804 tenore
1510 2734 1756 2834 presencium„
1783 2735 1909 2827 qulbus

378 2839 531 2934 expedit,
546 2842 736 2927 uniuersis,
760 2840 856 2933 quod
872 2839 1026 2914 decurro
1043 2840 1188 2914 Domini
1206 2839 1397 2913 millesimo
1410 2839 1761 2932 quadringentesimo
1775 2845 1910 2918 octauo·

376 2947 527 3034 decimo,
564 2947 621 3020 die
658 2948 808 3022 sabbato
831 2951 992 3042 proximo
1025 2952 1108 3042 post
1129 2947 1265 3020 icetum
1302 2950 1397 3021 santi
1419 2949 1505 3034 Viti,
1541 2950 1703 3022 terminis
1735 2950 1909 3041 regalibus
1981 3016 1984 3024 .

265 3139 268 3146 Δ
377 3058 473 3146 circe
511 3055 708 3130 aduentum
749 3057 969 3129 serenissimi
1005 3057 1177 3150 principis
1212 3061 1249 3128 et
1282 3055 1427 3142 domiui,
1466 3056 1601 3129 domiui
1631 3055 1819 3132 Wladislal
1847 3057 1909 3131 Del

378 3166 501 3256 gracia
524 3167 619 3256 regis
643 3163 787 3237 Polonie
810 3163 953 3238 Gneune
976 3163 1174 3249 celebratis,
1203 3166 1242 3236 in
1274 3164 1418 3255 quibus·
1434 3165 1572 3236 strenui
1603 3164 1735 3238 milites
1764 3169 1802 3238 et
1823 3169 1910 3239 terre

374 3271 512 3345 nobiles
535 3271 672 3345 domiui
700 3272 916 3364 inirecrlptl:
962 3270 1140 3362 Sblgneus
1163 3273 1266 3363 regui
1288 3270 1431 3344 Polorrie
1455 3272 1662 3358 marsalcus,
1694 3271 1847 3346 Matbles
1869 3273 1909 3346 (le

381 3381 610 3454 Wcrrscboazc
645 3379 826 3474 palatinus
871 3377 1091 3464 Kelislcnsis,
1134 3379 1309 3452 iohannes
1348 3379 1393 3452 de
1429 3381 1656 3458 Sczeltoczt'no
1700 3379 1909 3454 castellanus

374 3487 602 3561 Lublinensis
626 3493 662 3560 et
685 3489 894 3581 capitaneus
917 3487 1060 3560 Maioris
1083 3486 1227 3560 Polonie
1249 3488 1437 3578 generalis,
1460 3487 1614 3560 Mattius
1637 3487 1682 3560 dc
1704 3490 1910 3578 Laterum,

376 3594 589 3682 Brestensie
619 3595 805 3669 Ianussiue
828 3594 873 3668 de
895 3597 1093 3668 Koeccelaca
1116 3595 1407 3669 Guewoouieusis
1430 3596 1590 3688 palatini,
1620 3595 1803 3669 larussros
1826 3595 1909 3670 Gne

374 3705 528 3790 mensis,
564 3704 734 3776 Albertus
772 3701 981 3790 Conineusis
1017 3704 1212 3788 castellani,
1255 3703 1424 3776 Nicolaus
1457 3701 1502 3775 de
1534 3706 1779 3776 Bloceessaewo
1809 3702 1909 3776 luder

373 3810 638 3897 Poznaniensis,
672 3813 852 3903 ceterique
874 3810 1010 3884 domiui
1042 3816 1079 3885 et
1101 3811 1277 3884 officiales
1300 3831 1373 3884 vna
1395 3811 1584 3884 nobiscum
1612 3817 1764 3905 protunc
1785 3811 1910 3883 iudicio

374 3919 604 4012 presidebant
626 3919 748 4008 regali,
772 3918 893 4010 ibique
916 3922 963 4006 wiu
992 3924 1116 3992 nostra
1145 3923 1182 3990 et
1211 3917 1452 4011 predictorum
1485 3918 1710 3992 dominorum
1732 3917 1911 4014 presencie

377 4029 595 4100 constitutus
618 4027 852 4122 personaliter
874 4027 1002 4098 nobilis
1025 4027 1192 4099 Vrbonus
1215 4027 1320 4098 heres
1343 4029 1381 4099 in
1404 4029 1679 4116 Myrosmwiaee,
1712 4029 1912 4121 procurator

217 4217 220 4221 ,
376 4140 413 4208 et
435 4137 580 4208 nomine
612 4136 853 4227 procuratorio
882 4135 1095 4208 venerabilis
1119 4137 1186 4207 viri
1219 4134 1354 4208 domini
1390 4133 1565 4208 Leonardi
1596 4135 1767 4228 prepositi
1798 4150 1911 4207 mons·

373 4245 472 4335 sterij
499 4242 745 4328 StmelnensIs,
776 4242 899 4316 dicens
930 4242 1000 4314 sibi
1029 4263 1094 4336 per
1124 4248 1311 4316 strenuum
1342 4243 1494 4315 militem
1517 4240 1702 4316 dominum
1724 4243 1911 4316 iohannem

375 4351 524 4424 llosisoo
548 4349 593 4422 de
615 4352 775 4435 Rclrosoo,
799 4351 1036 4422 vexilliferum
1058 4351 1330 4436 Dobrineusem,
1354 4371 1397 4422 ex
1420 4351 1567 4444 speciali
1591 4351 1760 4424 mandato
1782 4344 1910 4422 domini

376 4461 472 4550 regis
496 4458 689 4530 temrinum
714 4457 906 4544 (lucanam,
937 4457 1024 4530 dum
1058 4457 1191 4530 ibidem
1227 4457 1394 4530 dominus
1427 4479 1490 4530 rer
1513 4461 1798 4544 constitueretur,
1833 4471 1910 4528 oum

292 4636 296 4644 .
376 4567 485 4642 nobili
509 4565 699 4650 Stanislao,
733 4573 961 4658 procuratore
993 4566 1078 4638 olim
1111 4565 1157 4638 de
1191 4564 1386 4638 Cruswicie
1419 4565 1496 4638 iore
1519 4568 1742 4658 assignatum
1776 4584 1840 4659 pro
1862 4579 1909 4642 eo.

378 4673 474 4766 quod
495 4693 604 4745 suum
627 4673 874 4746 incendarium
889 4674 1061 4746 violenter
1080 4675 1214 4766 recepit
1237 4672 1281 4746 de
1297 4673 1494 4746 hereditate
1511 4677 1815 4760 Deerzcnsclmob
1838 4687 1909 4748 sua,

376 4788 413 4855 et
436 4783 551 4854 astitit
574 4781 768 4853 terminum
791 4800 900 4874 super
915 4780 1051 4854 dictum
1075 4780 1304 4854 Stenislaum.
1351 4781 1397 4854 Et
1419 4781 1553 4853 ibidem
1576 4781 1738 4854 Andreas
1760 4779 1910 4854 ministe-

374 4891 473 4964 rialis
496 4890 715 4978 recognouit,
747 4888 841 4979 quod
865 4889 1019 4962 eundem
1052 4890 1272 4961 stanislaum
1306 4889 1420 4961 tribus
1453 4894 1490 4961 et
1513 4893 1640 4980 quarta
1662 4889 1801 4962 vicibus
1823 4884 1911 4958 ultre

373 5001 430 5070 ius
462 5001 498 5068 et
521 4994 813 5068 contuetudiuem
843 5000 1046 5068 terrestrem
1079 4997 1260 5079 clamauit,
1292 5001 1334 5068 ut
1356 4999 1495 5070 veniret
1524 5003 1561 5068 et
1582 4997 1653 5070 luri
1676 4999 1825 5089 pareret,
1855 4987 1909 5080 qu!

373 5107 524 5177 minime
558 5104 678 5196 paruit
711 5123 777 5174 nec
811 5122 874 5196 pro
909 5125 975 5177 suo
1010 5106 1196 5175 interesse·
1227 5103 1360 5194 aliquid
1384 5107 1422 5176 in
1447 5106 1597 5176 termino
1633 5104 1789 5196 predicto
1821 5097 1909 5172 lecit.

376 5213 449 5286 Nos
473 5215 594 5302 itaque
618 5210 741 5282 audita
765 5210 851 5282 dicti
883 5213 1125 5284 ministerialis
1156 5213 1437 5301 recongnicione
1469 5211 1754 5304 adiudicauimus
1777 5205 1908 5303 prelato
2024 5262 2029 5271 .

377 5321 520 5392 domino
551 5318 734 5389 Leouardo
767 5320 945 5410 preposito
977 5319 1191 5391 Strzelnensi
1226 5321 1424 5391 astanciem
1447 5323 1590 5391 termini
1615 5339 1722 5412 super
1745 5327 1909 5390 memoro·
2021 5354 2022 5357 =

376 5433 453 5500 tum
477 5427 698 5499 Stanislaum
726 5426 811 5497 oiim
834 5431 1101 5518 procuratorem
1122 5426 1166 5498 de
1190 5427 1426 5498 Orrtecbuicia
1448 5448 1511 5520 pro
1536 5426 1739 5499 huiusmodi
1763 5420 1911 5496 violenta

372 5537 580 5629 recepcione
604 5533 798 5628 incendorij
832 5535 889 5609 sui
910 5537 956 5610 'ln
980 5535 1176 5608 hereditate
1205 5555 1284 5648 sua·
1329 5533 1445 5628 Super
1476 5555 1547 5628 quo
1577 5533 1776 5608 iudicatum
1799 5524 1910 5603 soluit·

2155 3289 2230 3358 ast.
2277 3286 2330 3376 ιι

2159 3593 2280 3675 uotum
2327 3618 2331 3647 ι

2160 3701 2195 3769 et
2214 3715 2283 3768 uxo
2320 3726 2326 3752 1

2161 4021 2256 4093 serry,
2287 3999 2333 4072 Nl

2164 4128 2261 4180 meus
2297 4107 2328 4180 ll

2164 4214 2327 4288 Nicolaus

2166 4325 2271 4415 erun„
2321 4353 2334 4383 ι

2167 4427 2328 4502 Petronlll

2167 4538 2315 4630 uczpulll

2169 4643 2223 4714 ich
2246 4647 2332 4737 maj

2169 4769 2209 4821 za
2229 4757 2265 4824 to
2288 4773 2330 4824 aa

2171 4861 2257 4930 wien
2280 4879 2334 4931 ro·

2172 4966 2327 5056 wyplaca

2173 5073 2329 5158 probosz

2173 5181 2324 5252 recissum.

2175 5282 2331 5378 Gustyol
