4722 6360
344 603 483 696 ⁸loo

415 796 527 890 phani
550 796 666 870 dictos
698 797 821 870 literas
844 795 942 892 apuli
975 793 1129 870 cundem
1164 795 1370 888 Bogutham
1397 798 1607 890 reposuerit·
1628 799 1665 868 et
1686 794 1731 868 le
1751 795 1959 890 posessione

416 903 596 978 antedicto
617 904 704 978 ville
730 907 877 994 Lapcac
908 905 1066 988 cesserit,
1100 905 1208 997 prout
1240 907 1315 978 lam
1348 907 1490 978 tenetur
1524 925 1568 977 ox
1599 907 1794 990 contractu.
1829 906 1977 983 stunc

415 1016 523 1105 prout
544 1030 686 1090 exnunc
709 1011 756 1086 de
774 1014 950 1106 pensione
972 1009 1097 1084 decern
1120 1030 1324 1084 marcarum
1341 1011 1485 1086 monete
1507 1017 1544 1084 et
1565 1015 1707 1084 numeri
1722 1013 1959 1087 communiter

414 1120 453 1192 in
475 1138 587 1209 regno
610 1119 754 1194 Polonlc
778 1121 1014 1204 carrensium,
1045 1118 1091 1191 de
1114 1119 1282 1192 censibus
1313 1118 1497 1194 districtus
1519 1122 1634 1192 nostri
1656 1119 1874 1210 Znepnensis
1896 1140 1959 1212 per

415 1227 672 1300 Mirosacoucm
694 1231 948 1320 procuratorem
988 1230 1152 1299 nostrum
1182 1225 1427 1318 Zueynensem
1460 1227 1520 1300 vel
1553 1227 1663 1300 alium
1697 1247 1959 1320 quemcumque

415 1337 682 1427 procuratorem
705 1335 952 1427 znsmcmem
973 1354 1038 1427 pro
1061 1338 1220 1428 tempore
1248 1335 1401 1426 singulis
1425 1337 1530 1408 annis
1554 1336 1592 1408 in
1615 1335 1707 1407 iesto
1730 1335 1848 1406 sancii
1870 1333 1958 1408 hisr-

415 1443 483 1514 tini
505 1441 721 1516 contessoris
753 1440 1017 1526 soloecistam,
1051 1461 1189 1516 necnon
1219 1441 1265 1514 de
1295 1441 1436 1514 decima
1474 1443 1690 1536 manipulari
1722 1443 1761 1514 ln
1781 1441 1957 1533 tricocco

289 1595 291 1598 -
416 1549 484 1622 sub
507 1549 765 1623 ratihabicione
788 1549 983 1622 eorundem
1005 1548 1158 1622 fratrum
1182 1551 1330 1643 capituli
1352 1549 1583 1634 (lucanensis,
1616 1549 1794 1622 antedicta
1816 1548 1958 1624 dominc
2059 1649 2060 1652 Ν

415 1657 539 1730 relicta
577 1657 751 1750 Stephani
773 1658 850 1730 iilia
890 1657 1130 1730 Dranoakonis
1173 1659 1417 1750 promittimus
1456 1655 1645 1752 prouidere
1683 1677 1774 1750 pura
1812 1655 1887 1730 lide
1920 1655 1960 1732 'ct
2198 1749 2203 1758 Ι
2238 1654 2245 1670 ”

416 1785 557 1838 exnunc
579 1769 703 1838 tenore
725 1767 952 1858 presencium
974 1763 1216 1857 prouisiemus,
1240 1761 1375 1836 dictam
1406 1784 1548 1856 quoque
1570 1765 1781 1857 pensionem
1806 1761 1960 1838 antedic

315 1919 317 1923 -
416 1875 536 1944 tanim
559 1869 685 1944 ‹lecem
719 1891 923 1946 marcmm
955 1873 996 1944 in
1034 1870 1201 1944 censibus
1238 1873 1371 1944 nostris
1402 1871 1671 1962 Zneynensibus
1702 1891 1745 1944 ac
1782 1869 1959 1945 tissimum

416 1980 679 2073 manipularem
700 1982 739 2053 in
761 1981 903 2052 Ictchrw
925 1983 1122 2052 memorate
1144 1978 1289 2052 donuae
1325 1979 1448 2051 relicta
1479 1977 1652 2072 Stephani
1674 1977 1815 2064 dunos,
1854 1977 1960 2052 dona·

417 2107 509 2174 mus.
534 2087 763 2173 conterimus,
787 2088 991 2180 peripsam
1013 2084 1198 2172 tenendas,
1226 2085 1422 2172 habendas,
1450 2085 1697 2179 possidendas,
1728 2083 1902 2164 leuandus
1924 2090 1961 2160 et

415 2197 454 2266 in
476 2215 565 2268 rsus
588 2215 676 2268 suos
697 2193 940 2289 beneplacitos
963 2191 1223 2268 connectendas
1246 2213 1362 2284 nsque
1386 2193 1440 2266 ad
1468 2205 1632 2286 tempora
1663 2190 1876 2286 ‹lumptarat
1897 2213 1961 2267 suc

298 2299 302 2308 '
415 2304 499 2374 vite.
546 2301 772 2394 Quaquidem
794 2302 942 2375 domina
963 2302 1089 2374 relicta
1111 2301 1287 2394 Stephani
1310 2303 1469 2374 extincta
1492 2305 1530 2374 et
1550 2300 1732 2386 deiuncto,
1756 2301 1963 2374 huiusmodi

416 2411 541 2502 pensio
565 2409 744 2482 dicmmm
766 2409 892 2482 decem
915 2428 1118 2482 musarum
1133 2409 1244 2480 'simul
1257 2429 1340 2480 cum
1359 2409 1441 2502 ipsa
1454 2408 1560 2482 debet
1578 2410 1738 2500 extingui
1761 2413 1798 2480 et
1819 2406 1960 2482 ‹lecima

339 2593 344 2602 ,
416 2519 456 2588 in
476 2519 620 2590 Istetno
643 2516 691 2590 ad
712 2537 877 2590 mensam
900 2520 1061 2590 nostram
1084 2521 1121 2588 et
1143 2535 1395 2589 successorum
1417 2519 1621 2590 nostromrn
1643 2518 1776 2590 reuerti
1797 2515 1909 2600 libere
1924 2521 1960 2590 et

368 2660 372 2666 ·
417 2623 553 2717 absque
591 2624 714 2716 aliqua
754 2621 1048 2698 contradiccione.
1095 2623 1231 2696 Harum
1266 2623 1397 2715 quibus
1431 2627 1594 2698 nostrum
1629 2626 1666 2697 et
1697 2622 1784 2696 dicti
1812 2623 1958 2716 caplhrll

416 2733 531 2826 nostri
574 2729 696 2822 sigilla
741 2751 902 2824 appensa
945 2734 1032 2804 sunt
1076 2731 1280 2804 testimonio
1326 2731 1522 2804 literarum.
1574 2733 1708 2804 Actum
1752 2734 1790 2804 et
1834 2729 1960 2804 tatum
2038 2799 2042 2807 ,
2103 2791 2122 2803 ,,

418 2838 561 2912 (incana
594 2841 674 2932 ipso
703 2838 761 2912 dio
784 2838 942 2912 Simonis
980 2841 1018 2910 et
1052 2836 1138 2910 lude
1160 2837 1405 2932 apostolorum
1444 2838 1642 2925 beatorum,
1682 2857 1776 2912 anuo
1814 2837 1961 2912 Domini
2070 2927 2071 2930 p

356 2945 752 3020 ,neccssaria
841 2965 848 2978 ·

578 3141 746 3202 Dokumcnt
767 3143 986 3218 purgalum,
1013 3141 1215 3218 praecbcvany
1231 3159 1258 3200 v
1275 3141 1432 3201 archivum
1458 3125 1591 3220 kapituly
1617 3143 1854 3220 metropolitains}
1882 3144 1961 3218 gnio-

416 3231 570 3304 inienskici
591 3233 641 3306 (N.
659 3233 735 3304 301).
771 3231 820 3290 lla
836 3231 963 3308 pukacli
980 3231 1227 3308 pergaminowyclr
1243 3234 1327 3304 orius
1345 3233 1420 3292 mdc
1434 3233 1544 3292 nlomkl
1562 3231 1663 3292 dnbclr
1675 3235 1808 3309 plecaeci¹
1826 3233 1960 3310 plenu,

415 3339 433 3380 s
449 3337 637 3396 mogo,
654 3321 739 3396 drugi
756 3339 774 3380 s
790 3321 936 3397 rioloncgo
952 3321 1058 3381 wosko.

580 3473 1847 3580 ²)Jaanamlnp0amonmenniucamemoriam-po«
1876 3502 1962 3562 noes

414 3590 524 3649 'skira
559 3591 608 3649 Do
625 3591 756 3664 ktoroiby
773 3591 815 3661 sle
832 3608 850 3649 ι
866 3589 936 3666 tyoh
953 3591 1152 3662 mioiuccwcici
1173 3609 1241 3650 nasa
1258 3591 1417 3652 doknmcnt
1434 3591 1554 3664 eorosii,
1572 3592 1686 3665 anns
1703 3593 1751 3651 nio
1767 3593 1884 3654 amiam.

459 3742 461 3746 ,
578 3680 1352 3757 'Jhdebnorriciparaiialnawpommogilnickim

416 4173 495 4244 106.
542 4171 641 4242 1406.
666 4168 725 4241 die
748 4173 803 4241 19.
826 4170 963 4241 mensis
986 4167 1206 4254 Decembris,
1229 4167 1373 4241 Romae.
1504 4183 1509 4189 ’

578 4366 771 4456 Gregorius
786 4365 862 4437 XII.
885 4365 923 4437 P.
939 4365 985 4438 hi.
1002 4364 1229 4438 donationem
1243 4364 1309 4437 XL
1323 4385 1526 4438 marcarum
1542 4385 1743 4438 annuarum
1758 4364 1804 4438 ab
1818 4365 1963 4437 Alberto

417 4477 584 4566 episcopo
608 4473 844 4568 Posnanicnsi
866 4477 1048 4546 canonicis
1067 4477 1104 4545 et
1122 4474 1265 4546 vicariis
1282 4473 1453 4546 ecclcsiae
1477 4472 1691 4546 cathedralis
1713 4473 1964 4546 Posnaniensis

414 4581 564 4668 iactam,
587 4586 706 4654 ratam
728 4601 809 4653 essa
830 4581 939 4654 iubet.

579 4777 772 4869 Gregorius
813 4780 1004 4872 episcopus
1038 4799 1166 4851 seruus
1200 4798 1388 4852 seruorum
1411 4777 1490 4850 Dei.
1537 4777 1745 4851 Venerabili
1785 4777 1890 4850 iratri
1925 4829 1966 4849 ..

415 4889 583 4980 episcopo
606 4887 769 4960 Placensi
791 4886 947 4958 salutem
970 4891 1006 4958 et
1030 4887 1262 4980 apostolicam
1273 4885 1576 4959 benediccionem.
1625 4887 1773 4960 Racionl
1796 4886 1968 4976 congruit

414 4999 451 5067 et
473 4997 644 5068 conuenit
666 4997 826 5086 equitati,
849 4998 892 5066 ut
914 5015 965 5078 ea,
990 5013 1060 5084 que
1084 4993 1128 5065 de
1151 4995 1303 5067 Romani
1332 4994 1516 5086 pontilicis
1546 4997 1670 5084 gracia
1699 4995 1963 5087 processerunt.

413 5103 498 5175 licet
520 5105 598 5176 eius
623 5103 899 5194 superueniente
922 5101 1021 5174 obitu
1042 5103 1162 5174 littere
1190 5102 1384 5195 apostolice
1414 5101 1577 5174 coniecta
1600 5122 1673 5174 non
1696 5102 1835 5176 inerint
1857 5120 1967 5195 super

413 5211 495 5296 illis,
520 5231 628 5282 suum
652 5213 916 5299 consequantur
938 5209 1120 5281 effectum.
1168 5209 1315 5282 Dudum
1339 5209 1520 5300 siquidem
1543 5229 1607 5302 pro
1632 5213 1733 5302 parte
1748 5210 1965 5284 venerabilis

414 5318 536 5390 iratris
560 5321 674 5391 nostri
696 5317 835 5388 Alberti
858 5318 1016 5409 episcopi
1040 5321 1077 5389 et
1099 5317 1312 5390 dilectorum
1336 5319 1494 5390 illiorum
1520 5319 1668 5410 capituli
1698 5317 1964 5399 Poananiensis

297 5489 301 5497 .
414 5445 556 5498 necnon
577 5425 858 5519 presbiterorum
890 5429 927 5496 et
948 5425 1168 5510 clericorum,
1199 5428 1416 5498 vicariorum
1446 5425 1710 5498 canonicalium
1740 5429 1966 5519 nuncupato·

412 5553 506 5621 rum,
517 5535 555 5606 in
567 5535 648 5632 ipsa
663 5533 816 5606 ecclesia
830 5531 1137 5620 beneficiatorum,
1160 5533 1276 5608 felicis
1291 5534 1552 5608 recordacionis
1564 5535 1780 5608 innocencio
1791 5555 1884 5632 pape
1895 5531 1965 5610 VII.
