4714 6364
138 40 586 86 ———-——*-†*‡‘

654 26 794 37 .-.-*—.·——
846 28 849 29 ν

422 307 491 382 220

423 509 501 578 220.
550 510 649 581 1414.
672 507 731 580 dle
755 512 809 581 18.
833 509 969 582 mensis
992 509 1135 602 Aprilis,
1160 509 1335 586 Gnesnae.

586 723 812 797 Arbitronrm
843 723 1067 816 quonmdam
1098 724 1293 812 decretum,
1325 727 1418 800 inter
1440 725 1625 800 Nicolaum
1657 726 1832 804 Grosmau
1854 753 1949 822 rectu

424 851 500 904 rem
526 832 698 904 ecelesiae
722 831 766 904 de
792 835 971 906 Warisaoo
993 837 1030 906 et
1053 839 1235 908 emeloues
1264 834 1308 908 de
1331 838 1536 908 Komaroroo
1560 835 1605 908 ds
1628 837 1834 911 missalibus
1856 865 1949 928 anna
2009 921 2010 924 ι

424 941 482 1012 nis
505 939 607 1012 litem
630 937 812 1015 ditimons.

587 1155 629 1227 In
652 1159 794 1230 nomine
817 1157 964 1231 Domini
987 1179 1102 1231 amen.
1150 1157 1224 1232 Sub
1255 1179 1348 1232 anno
1378 1159 1585 1232 Natiuitatis
1609 1159 1754 1233 Domini
1778 1161 1951 1251 malleum,

425 1261 778 1355 quadringentesimo
801 1265 907 1350 XIIII,
937 1265 1137 1340 indiccione
1159 1267 1232 1352 Vll,
1262 1267 1495 1360 pontificatus
1523 1269 1742 1340 sanctissimi
1765 1271 1803 1340 in
1826 1269 1950 1356 (aluisti,

424 1375 538 1464 patris
562 1374 600 1443 et
622 1371 757 1478 domini
780 1377 904 1459 nostri,
935 1374 1070 1446 domini
1093 1375 1260 1449 Iohannis
1285 1374 1409 1448 diuina
1436 1375 1667 1470 prouideucia
1689 1395 1781 1470 pape
1802 1381 1949 1466 riceshru

425 1481 526 1572 torci]
553 1499 647 1554 anuo
677 1484 792 1574 ipsius
819 1486 960 1574 Aquario,
993 1481 1051 1555 die
1073 1482 1251 1576 Mercurii,
1281 1483 1394 1554 XVIII
1417 1475 1556 1556 mansis*
1580 1484 1724 1576 Aprilis
1753 1481 1843 1557 hora
1863 1506 1950 1582 quus

425 1607 670 1682 vesperorum,
703 1591 741 1660 in
771 1590 876 1662 domo
911 1589 1148 1662 habitacionis
1180 1589 1397 1663 honorabilis
1420 1593 1489 1662 viri
1522 1589 1654 1663 domini
1684 1591 1855 1682 Boguslai
1877 1601 1951 1679 alias

425 1697 566 1787 Bogute
602 1698 764 1769 canonici
799 1697 1047 1784 Vneouiensis,
1082 1698 1321 1772 vicecustodis
1362 1703 1399 1771 et
1439 1699 1598 1772 citarista
1637 1689 1865 1789 Gneanensis,
1894 1712 1951 1786 siu

426 1805 523 1876 circa
539 1805 664 1897 'ipsam
687 1803 877 1878 ecclesiam
909 1803 1165 1893 Gneanensem,
1198 1808 1236 1879 in
1266 1809 1338 1878 mel
1367 1809 1496 1900 notarij
1529 1807 1662 1900 publici
1685 1807 1875 1902 subscripti
1896 1819 1952 1889 tos.

426 1913 589 2004 tiumque
619 1911 930 2007 infrascriptarum
963 1913 1009 1986 ad
1037 1914 1106 1988 hoc
1128 1919 1337 1987 vocatorum
1367 1915 1570 2009 specialiter
1599 1919 1635 1986 et
1663 1919 1867 2006 rogetonun
1889 1941 1951 2013 pra

425 2021 558 2106 sancia,
595 2023 781 2093 constituti
811 2021 1047 2115 personaliter
1081 2020 1256 2095 discretus
1290 2027 1356 2114 vir,
1392 2022 1558 2096 dominus
1592 2021 1761 2096 Nicolaus
1794 2021 1951 2106 Grosmon

425 2128 590 2200 altarista
612 2127 832 2202 Gnemensis
856 2133 894 2202 el
915 2134 1031 2202 rector
1059 2130 1275 2224 paroehialis
1297 2133 1336 2202 in
1360 2133 1546 2204 Valr‘szewo
1570 2132 1812 2218 ecclesiarum,
1843 2153 1904 2208 suo
1924 2149 1953 2213 cl

427 2235 522 2308 dicte
545 2235 697 2310 ecclesie
720 2257 785 2309 sue
807 2237 1022 2331 parochialis
1047 2238 1262 2324 nominibus,
1287 2259 1330 2311 ex
1352 2259 1435 2323 vna,
1466 2243 1502 2310 et
1531 2237 1671 2333 prouidi
1693 2241 1762 2311 viri
1785 2259 1905 2316 omnes
1924 2255 1950 2318 et

426 2345 658 2434 singulariter
691 2345 840 2436 singuli:
873 2345 1007 2418 Honcel
1042 2346 1245 2432 ulodarius,
1279 2345 1414 2432 Bodlro,
1449 2347 1560 2432 Vach,
1594 2345 1755 2430 Michael,
1790 2345 1953 2436 Nicotaus,

427 2451 643 2545 Stephanus,
677 2453 813 2538 Petrus,
849 2453 970 2544 Pyooh
1004 2453 1070 2547 filij
1109 2455 1348 2545 Bagnueuiaz,
1386 2453 1563 2546 Wopdilc,
1596 2455 1807 2540 Stanlslaus,
1841 2456 1952 2550 Firlep,

272 2558 305 2634 '.
426 2559 711 2648 Bartholomeus,
741 2562 953 2649 Petrassius,
982 2561 1175 2649 Vitoslaus,
1209 2563 1378 2636 Albertus
1401 2582 1512 2652 gener
1533 2562 1771 2648 Vencakonis,
1802 2561 1954 2639 Nicolaus

329 2745 332 2752 ,
369 2718 372 2724 .
426 2668 641 2760 Rabocapca,
665 2669 834 2742 Nicolaus
858 2671 947 2742 alios
970 2670 1075 2755 Mina,
1099 2671 1363 2756 Wawrnantha,
1387 2670 1519 2742 Paulus
1542 2669 1765 2762 Praybconis
1796 2671 1954 2746 hlartinus

373 2792 375 2796 ’
427 2780 465 2848 el
496 2776 667 2850 Albertus
703 2777 949 2865 Wanszouicn,
984 2777 1198 2852 kmethones
1237 2781 1275 2850 in
1308 2780 1507 2850 Gomorcroa
1543 2779 1762 2852 Gneznensis
1797 2777 1954 2870 dyocesis,

426 2889 530 2979 parte
554 2883 599 2957 ab
624 2884 745 2972 altera,
770 2889 814 2964 in
838 2906 958 2972 causa,
990 2907 1099 2978 quam
1122 2885 1220 2958 idem
1250 2886 1416 2958 dominus
1438 2885 1607 2958 Nicolaus
1638 2886 1812 2978 plebanus
1835 2886 1953 2960 eisdem

426 2992 596 3066 ulodario
628 2998 665 3065 ot
694 2993 950 3066 kmetbonibus
981 3014 1090 3087 super
1119 2993 1259 3068 duabus
1290 2997 1468 3066 mensuris
1491 2997 1572 3087 puri
1594 2993 1716 3087 bladij,
1747 2995 1853 3067 vuius
1874 2995 1984 3067 side'

426 3101 512 3174 licet
544 3101 698 3191 siliginis
730 3101 942 3174 obelierius
979 3122 1102 3188 auena,
1135 3106 1279 3175 racione
1313 3103 1514 3204 missalium
1543 3121 1766 3175 annonarum
1789 3107 1954 3174 eteorum

430 3211 619 3283 occasione
642 3208 795 3300 siugulis
819 3213 923 3282 annis
948 3210 993 3283 de
1016 3210 1174 3302 quolibet
1189 3231 1325 3296 manso,
1350 3215 1470 3284 coram
1490 3207 1616 3282 eodem
1635 3209 1778 3282 domino
1792 3209 1955 3302 Boguslao

430 3317 548 3390 iudIce
572 3320 819 3390 commissario
842 3317 1060 3391 honorabilis
1084 3317 1219 3391 domini
1243 3319 1380 3392 Nicolai
1397 3319 1615 3392 StmesoonIs
1632 3323 1783 3412 protunc
1805 3317 1955 3390 officialis

432 3427 661 3511 Gneanensis,
699 3429 738 3498 in
770 3427 888 3520 prima
918 3431 1129 3499 auctoritate
1163 3425 1342 3500 ordinaria
1365 3431 1401 3499 et
1423 3429 1546 3517 vigore
1576 3428 1740 3519 rescripti
1763 3427 1955 3498 auctoritaie

431 3535 626 3628 apostolica
649 3555 770 3608 coram
792 3534 992 3606 honorabili
1014 3537 1090 3607 viro
1114 3535 1257 3607 domiuo
1280 3534 1436 3608 Iohanne
1464 3534 1650 3607 lancouica
1674 3533 1718 3606 de
1740 3533 1956 3612 Namislauia,

429 3645 601 3715 canonico
625 3646 662 3714 et
682 3642 835 3714 alliciali
858 3643 1158 3728 Wratislauiensi,
1183 3643 1347 3715 similiter
1370 3641 1488 3714 iudice
1504 3643 1749 3715 eommlssario
1766 3641 1869 3716 dictis
1891 3658 1956 3732 pur·

430 3751 527 3824 tibus
552 3771 573 3822 a
596 3749 688 3823 Sede
706 3751 902 3844 apostolica
917 3751 1119 3843 speciaIIter
1135 3749 1314 3844 deputato,
1339 3753 1377 3822 in
1400 3751 1559 3823 secunda
1574 3753 1831 3824 instanciarum
1854 3765 1957 3820 moue

429 3860 492 3932 bat
515 3864 552 3930 et
575 3857 697 3931 m'ouet
720 3859 765 3930 de
787 3861 957 3952 presenti,
988 3860 1159 3945 volentes,
1190 3865 1231 3931 vt
1253 3859 1429 3944 dicebant,
1462 3858 1578 3931 etdem
1610 3878 1717 3931 causo
1742 3879 1784 3931 ae
1806 3854 1956 3930 omnibus

431 3973 467 4040 el
490 3967 643 4058 singulis
677 3969 942 4060 controuersijs,
973 3967 1107 4052 litibus,
1138 3966 1380 4060 displicencijs
1414 3972 1451 4038 et
1481 3966 1669 4059 discordijs
1693 3965 1819 4050 exinde
1842 3959 1956 4036 exortis

429 4079 574 4170 propter
606 4075 742 4147 bonum
765 4077 876 4168 pacis,
915 4075 1078 4146 amicicie
1102 4079 1138 4146 et
1161 4073 1301 4147 comodi
1336 4095 1492 4167 parcere,
1528 4095 1600 4146 uon
1631 4077 1754 4160 eoacti,
1790 4091 1855 4146 con
1877 4086 1956 4140 com·

430 4185 536 4277 pulsi,
569 4203 637 4255 nec
667 4183 786 4274 aliquo
810 4202 927 4255 errore
951 4182 1100 4267 seducti,
1136 4181 1267 4254 sedda
1291 4203 1414 4256 eorum
1446 4184 1550 4268 bona,
1584 4182 1697 4254 libera
1719 4186 1755 4253 et
1777 4182 1957 4274 spontanea

430 4292 615 4365 voluntate
639 4294 675 4361 et
697 4293 859 4362 unanimi
883 4311 1079 4362 oonssensu
1102 4292 1139 4362 in
1162 4291 1386 4362 honorabIles
1416 4293 1522 4376 viros,
1553 4289 1715 4363 dominos
1753 4285 1955 4380 Boguslaum

431 4402 644 4472 canonicum
667 4401 956 4490 prenominatum
980 4403 1016 4470 et
1039 4389 1263 4470 Domkonem
1295 4399 1493 4471 altaristam
1524 4399 1768 4472 Gneanensem
1798 4399 1834 4468 et
1854 4389 1957 4486 plebe·

375 4554 378 4560 ι
431 4529 518 4581 ιιιιιιι
544 4507 589 4580 ad
612 4511 779 4579 sanctum
803 4507 1041 4578 Laureucium
1064 4509 1102 4579 in
1118 4507 1287 4579 suburbio
1307 4507 1507 4580 Gneanensi
1522 4507 1764 4591 ecclesiarum,
1789 4510 1955 4590 tamquam

431 4619 468 4689 in
492 4616 655 4699 arbitros
693 4614 931 4700 arbitratores,
965 4615 1169 4687 laudatores
1205 4621 1241 4687 et
1271 4614 1477 4687 amicabiles
1507 4616 1760 4706 compositores
1784 4601 1957 4696 sollempni

430 4725 666 4817 stipulacione
698 4725 822 4815 preuio
861 4722 906 4794 de
942 4724 1012 4795 alto
1049 4727 1084 4794 et
1122 4723 1228 4796 basso
1263 4725 1300 4794 iu
1336 4722 1461 4806 iorma,
1498 4743 1567 4814 que
1600 4723 1792 4813 excogitari
1832 4711 1956 4810 polodi·

432 4833 569 4905 meliori
591 4833 922 4922 compromiserunt,
948 4831 1074 4902 dautes
1091 4835 1127 4902 et
1143 4830 1378 4902 concedentes
1393 4832 1649 4923 prenominatis
1667 4829 1819 4902 dominis
1834 4821 1957 4935 Boguii

432 4945 468 5012 et
491 4939 672 5012 Donrkoni
697 4940 837 5010 arbitris
861 4939 1008 5032 plenum
1033 4939 1242 5010 mandatum
1267 4939 1557 5010 etomnimodam
1580 4939 1794 5030 potestatem
1809 4937 1846 5005 in
1861 4940 1956 5001 omni·

432 5048 499 5119 bus
525 5051 563 5120 et
584 5047 737 5136 siugulis
761 5049 959 5140 premissis,
983 5053 1024 5119 ut
1046 5049 1185 5139 possint
1213 5047 1423 5140 simpliciter
1446 5051 1482 5118 et
1506 5045 1549 5116 de
1572 5046 1688 5138 plano,
1722 5048 1799 5116 sine
1823 5031 1956 5150 siropiiu

433 5160 471 5227 ot
493 5156 613 5246 figura
637 5155 758 5247 iudicij
786 5173 1010 5245 cognoscere,
1035 5157 1248 5241 examinare,
1272 5155 1439 5240 iudicare,
1465 5154 1637 5240 arbitrari,
1661 5153 1807 5225 laudare
1829 5151 1864 5220 ot
1884 5155 1957 5260 auli·

434 5265 596 5338 cubiliter
620 5283 841 5357 componore,
874 5267 910 5335 et
934 5263 1066 5336 auditis
1090 5262 1195 5336 dictis
1219 5264 1381 5360 partibus
1406 5268 1441 5336 et
1465 5283 1587 5336 earum
1611 5261 1758 5347 Iuribus,
1790 5257 1958 5343 allega-ro

2140 2671 2306 2744 huiusmo

2141 2799 2182 2850 ao
2204 2778 2243 2850 in
2265 2795 2325 2848 om

2120 2895 2126 2906 '
2142 2885 2311 2980 aprobere

2143 2991 2331 3066 manifeste

2142 3100 2256 3186 modo,
2279 3102 2337 3172 iur

2142 3213 2260 3302 partos
2284 3207 2344 3280 dic

2144 3317 2317 3389 ciauoriut

2144 3423 2282 3497 Domko
2306 3442 2344 3496 ar·

2147 3539 2181 3604 et
2204 3531 2344 3624 diligent

2146 3641 2344 3733 accepero

2145 3753 2260 3820 iorum
2285 3767 2344 3818 con

2146 3861 2181 3927 et
2212 3875 2344 3928 consen

2146 3964 2344 4056 pronunccic

2148 4073 2315 4146 arbitrati.

2147 4184 2271 4269 roroo¹)
2295 4177 2344 4251 aei

2148 4287 2290 4361 Nicolao
2313 4287 2344 4380 pl

2149 4400 2243 4468 omni
2278 4415 2345 4468 ccu

2149 4508 2226 4595 puri
2261 4502 2344 4576 bled

2151 4609 2344 4684 consuetud

2151 4718 2216 4792 bus
2240 4726 2276 4793 et
2300 4720 2344 4790 oli

2154 4831 2268 4900 torum
2291 4826 2344 4898 dor

2153 4937 2205 5006 sia
2227 4957 2295 5008 sua
2317 4956 2344 5027 p:

2152 5060 2230 5114 rum
2254 5046 2341 5115 miss

2156 5152 2242 5223 salis
2265 5153 2341 5224 suis

2134 5255 2224 5365 'huo
2247 5263 2285 5332 in
2308 5279 2344 5330 su
