4714 6364
558 723 624 804 ini

558 929 598 1000 in
619 933 806 1022 posterum
828 933 986 1016 uectari
1020 929 1222 1004 litterarum
1256 929 1359 1024 apice
1382 951 1425 1004 ec
1447 923 1633 1023 sidedigna
1655 931 1812 1004 testium
1839 927 2090 1030 subscripelm,

558 1035 714 1109 miniter
735 1039 930 1111 roboretur.
977 1039 1070 1112 Hinc
1093 1043 1158 1126 est,
1182 1039 1279 1130 quod
1306 1060 1372 1112 nos
1391 1040 1504 1112 irater
1526 1040 1731 1113 Gerbardus
1755 1039 1867 1112 abbas
1897 1043 1937 1114 in
1964 1047 2089 1136 Lenda,

509 1145 512 1153 '
558 1145 695 1218 ordinis
718 1145 988 1238 Cysterciensis,
1021 1146 1242 1221 (lucanensis
1267 1147 1430 1232 diocesis,
1461 1149 1553 1220 scire
1580 1147 1748 1220 volumus
1771 1147 1950 1240 quoslibet
1969 1154 2090 1252 ineps.
2230 1219 2237 1234 .

557 1259 654 1326 tores
678 1274 744 1326 seu
768 1253 949 1328 auditores
972 1259 1048 1326 tam
1071 1259 1244 1348 posteros,
1269 1275 1378 1346 quam
1399 1254 1599 1341 modernos,
1624 1254 1718 1346 quod
1735 1259 1918 1328 communi
1931 1277 2090 1348 consensu

558 1367 764 1436 nostrorum
787 1366 969 1465 seniorum
992 1361 1189 1455 prehabito,
1214 1366 1520 1456 permutacionem
1543 1363 1696 1436 fecimus
1712 1368 1750 1436 et
1762 1366 1989 1458 presencium
2010 1375 2092 1453 testi.
2232 1375 2237 1388 '

559 1471 680 1544 monio
703 1475 952 1563 permutamus
984 1473 1072 1556 iure,
1105 1469 1213 1557 modo
1241 1475 1278 1543 et
1300 1470 1426 1556 torma,
1460 1470 1591 1562 quibus
1625 1473 1735 1544 moris
1771 1477 1807 1545 et
1842 1479 2092 1558 consuetudinis

560 1581 847 1672 estjpermutari,
872 1599 956 1652 cum
978 1577 1128 1671 prouida
1152 1581 1229 1651 viro
1262 1579 1365 1652 Petro
1396 1579 1548 1651 scrutato
1571 1581 1610 1652 in
1632 1579 1734 1654 Nouo
1758 1581 1989 1672 Saraucae)
2018 1590 2092 1664 aila.

557 1689 743 1776 Draewpcz
770 1691 987 1781 nuncupato,
1017 1689 1165 1778 saxisque
1188 1686 1457 1760 suecessoribus
1479 1686 1677 1777 legitimis,
1708 1686 1837 1760 dantes
1869 1687 1984 1762 eidem
2006 1691 2093 1773 Petro

560 1795 714 1868 sculteto
744 1800 929 1888 pretaxato
960 1791 1301 1886 successoribusque
1331 1795 1502 1885 legitimis
1531 1798 1607 1866 suis
1632 1815 1800 1868 mensum
1830 1815 1913 1868 cum
1937 1799 2048 1876 medio
2067 1811 2096 1884 in

561 1905 786 1996 Oownatirif)
824 1903 912 1975 villa
944 1907 1069 1976 nostra
1102 1905 1247 1975 situatis
1265 1907 1312 1992 (s)
1336 1923 1420 1974 cum
1462 1903 1651 1976 scultecia·
1670 1901 1834 1975 eiusdem
1869 1903 1954 1976 ville
1993 1921 2096 1986 nasia
2254 1963 2261 1976 .

565 2013 756 2084 Ommctiri
780 2009 970 2098 mtediote,
993 2031 1058 2105 pro
1082 2030 1147 2084 suo
1172 2011 1283 2084 altero
1308 2010 1426 2083 medio
1442 2031 1568 2083 manso
1593 2013 1630 2082 et
1651 2014 1728 2083 suis
1748 2013 1981 2105 pertinenciis
2002 2027 2096 2094 omni·
2201 2010 2206 2020 ’
2256 2097 2266 2134 ,

410 2159 414 2166 ·
563 2120 633 2193 bus
657 2124 695 2191 et
717 2119 871 2209 singulis
905 2139 989 2192 cum
1018 2120 1193 2192 sculiecia
1219 2122 1258 2191 in
1287 2121 1472 2208 &aupes
1500 2117 1663 2212 predicta
1690 2119 1778 2190 villa
1809 2121 1933 2191 nostra
1961 2123 2097 2212 situatis,

564 2247 675 2320 super
698 2228 829 2318 quibus
852 2227 950 2300 idem
980 2227 1107 2300 Petnre
1130 2227 1308 2299 scultetus
1341 2225 1516 2320 prelatus,
1551 2229 1679 2318 suique
1709 2245 1936 2300 successores
1965 2228 2097 2320 legitimi

562 2336 670 2430 plane
693 2341 731 2408 et
753 2334 958 2408 omnimode
986 2335 1256 2420 abrenuntiant,
1286 2333 1427 2407 nullum
1457 2333 1527 2406 sibi
1556 2337 1676 2406 insin
1706 2333 1833 2407 eadem
1862 2333 2096 2412 hereditateei

565 2443 740 2518 scultecia
762 2445 906 2536 penitus
928 2446 1167 2528 rosemantes,
1192 2445 1291 2515 omni
1314 2442 1395 2515 dolo
1419 2447 1455 2515 et
1478 2441 1605 2515 incude
1636 2442 1802 2528 exclusis,
1834 2441 1967 2515 tabbus
1995 2448 2098 2522 umen

565 2551 635 2624 sub
666 2550 936 2626 condicionibus
966 2551 1217 2643 inirascriptls.
1265 2549 1383 2622 Primo
1414 2549 1571 2642 quidem,
1611 2548 1707 2641 quod
1735 2548 1855 2623 eidem
1892 2550 1993 2624 Petro
2025 2556 2100 2627 scu·

462 2665 464 2671 ’
565 2663 640 2732 teto
664 2658 826 2752 sepeieto
848 2657 1079 2731 vendidimus
1113 2679 1156 2730 ac
1190 2678 1255 2751 pro
1283 2660 1442 2751 presenti
1464 2657 1656 2730 vendimus
1687 2677 1857 2730 mensum
1887 2677 1971 2731 cum
2000 2661 2101 2732 medio

412 2779 415 2786 ’
563 2771 603 2839 in
621 2769 818 2866 'Cmcnmiri
839 2767 927 2838 viiia
949 2772 1074 2838 nostra
1095 2765 1245 2858 preiixa,
1268 2786 1333 2860 pro
1364 2766 1495 2858 quibus
1519 2769 1597 2858 ipse
1627 2765 1730 2840 nobis
1761 2763 1952 2838 duodecim
1980 2786 2101 2840 marcas
2161 2772 2166 2785 '

563 2874 722 2947 latonam
746 2892 965 2965 grossorum,
988 2873 1133 2946 XLVIII
1154 2893 1301 2964 grossos
1324 2894 1389 2967 pro
1412 2873 1573 2964 quelibet
1595 2893 1718 2946 marca
1738 2871 1988 2966 computando,
2010 2873 2102 2956 dedit

564 2984 741 3076 parsoiuit
773 2983 932 3054 totaliter
963 2986 999 3054 et
1023 2983 1236 3072 assignanti,
1272 2984 1326 3053 sic
1357 2987 1491 3066 temen,
1528 2980 1623 3071 quod
1655 2980 1753 3054 idem
1786 2981 1961 3053 scultetus
1994 2983 2103 3072 suique

567 3109 797 3163 successores
819 3090 974 3180 legitimi
997 3089 1132 3162 ibidem
1156 3091 1194 3162 in
1218 3091 1409 3162 Ommroiiaa‘
1430 3089 1517 3162 villa
1539 3092 1664 3161 nostm
1686 3088 1850 3181 sepefata
1882 3091 1955 3160 tres
1977 3107 2101 3159 mansos

565 3197 752 3270 habebunt
772 3196 895 3282 iibere,
919 3197 1074 3290 paciiice
1096 3202 1133 3270 et
1155 3197 1402 3290 possidebunt.
1448 3197 1600 3289 Insuper
1630 3196 1806 3269 scultetus
1831 3217 1854 3268 a
1877 3193 1961 3267 data
1980 3214 2102 3288 presen-

566 3309 664 3377 cium
701 3305 905 3378 libertatem
940 3305 1088 3377 babebit
1118 3307 1250 3395 viginti
1283 3309 1438 3395 quatuor
1472 3324 1585 3377 annos
1623 3303 1844 3390 duraturam,
1877 3301 1984 3376 simili
2015 3299 2104 3373 modo

567 3421 603 3484 et
625 3413 841 3486 irmetbones
866 3434 889 3484 a
911 3417 1083 3505 tempore,
1107 3433 1178 3504 quo
1203 3412 1426 3498 aduenerint,
1458 3411 1709 3504 computando,
1733 3413 1864 3501 viginti
1888 3429 1998 3483 annos
2019 3408 2104 3479 iiber·

485 3586 488 3593 ,
567 3525 680 3592 tatem
716 3541 756 3592 se
787 3523 956 3592 nouerint
991 3520 1099 3592 dubio
1133 3521 1259 3612 procul
1283 3519 1389 3594 modo
1421 3520 1618 3592 babituros.
1665 3517 1790 3590 Eciam
1821 3517 1939 3590 eidem
1972 3515 2104 3588 sculteto

570 3633 693 3702 nostro
717 3628 884 3702 dedimus
920 3635 956 3700 et
992 3629 1272 3718 assignarumus,
1309 3649 1352 3700 ac
1374 3647 1439 3722 per
1468 3631 1653 3720 presentes
1683 3627 1811 3699 damus
1841 3631 1879 3698 et
1901 3625 2104 3714 assignamus

567 3757 682 3808 vnum
706 3739 809 3826 inger
833 3735 968 3808 arabile
992 3739 1150 3828 exceptis
1173 3737 1291 3808 tribus
1322 3738 1460 3808 mansis
1485 3737 1692 3828 pretaxatis,
1723 3754 1833 3826 super
1856 3730 1951 3824 quod
1973 3727 2103 3802 eunden

569 3835 808 3915 licenciamus'
837 3845 1044 3916 ortulanum
1074 3847 1153 3917 siue
1185 3844 1380 3929 ortulanos,
1410 3842 1687 3928 tabernatorem
1719 3840 1919 3913 secundum
1942 3835 2030 3930 quod
2049 3831 2104 3904 sibi

570 3951 746 4043 placitum
785 3951 905 4037 fuerit,
945 3951 1204 4024 collocandum.
1256 3951 1347 4024 ltcm
1387 3951 1483 4024 idem
1522 3952 1697 4022 scultetus
1733 3943 1938 4042 pistrinum,
1973 3943 2104 4016 iabniai.

570 4063 732 4131 sutorem
770 4063 807 4130 et
838 4061 1053 4131 macceilum
1091 4081 1201 4152 supra
1239 4079 1344 4132 suam
1377 4057 1626 4143 hereditatem,
1658 4057 1878 4148 ubicumque
1909 4054 1978 4126 sibi
2007 4050 2104 4120 vistim

570 4167 691 4252 luent,
716 4166 886 4239 edificare
910 4173 947 4239 et
963 4171 1171 4240 construere
1186 4169 1327 4261 poterit,
1352 4169 1475 4240 nostra
1493 4167 1539 4238 de
1559 4166 1721 4252 licencia,
1746 4183 1927 4237 consensu
1950 4164 1985 4232 et
2005 4153 2105 4227 volun

570 4279 656 4346 tate.
702 4273 829 4346 Eciam
868 4277 1030 4367 prelatus
1068 4276 1245 4348 scultetus
1280 4277 1410 4365 suique
1446 4276 1582 4366 posteri
1615 4272 1661 4346 ad
1694 4275 1817 4346 omnia
1847 4269 1997 4344 seruicia
2023 4257 2106 4334 nobi·

571 4381 788 4472 obligantur,
813 4381 943 4472 quibus
968 4384 1029 4476 aiij
1056 4386 1170 4458 nostri
1193 4384 1339 4455 sculteti
1362 4384 1498 4455 seruire
1521 4386 1609 4454 sunt
1638 4385 1786 4466 astricti,
1819 4380 1866 4453 ad
1889 4397 1957 4470 que
1979 4365 2107 4444 sentiris
2193 4459 2194 4462 Ἴ
2303 4335 2357 4478 ’1”’

571 4509 686 4562 vnum
716 4509 850 4580 equum
887 4490 933 4562 de
967 4491 1083 4563 tribus
1117 4493 1250 4564 mercis
1282 4491 1438 4563 latorum
1472 4509 1682 4580 grossorum
1713 4494 1788 4562 tam
1823 4491 1911 4580 ipse,
1943 4495 2042 4574 quam
2062 4469 2106 4538 ⁵¹¹¹

570 4599 705 4691 posteri
743 4596 929 4669 habebunt
968 4603 1005 4670 et
1042 4599 1256 4681 seruabunt;
1296 4619 1340 4671 ac
1370 4601 1485 4671 eciam
1517 4599 1596 4690 ipse
1626 4600 1756 4688 suique
1800 4605 2019 4668 successores
2056 4585 2106 4646 iu·
2195 4651 2196 4654 ,
2300 4649 2345 4686 b,

571 4707 669 4776 cium
694 4703 882 4776 donarium
907 4705 952 4776 dc
977 4706 1137 4796 qualibet
1160 4727 1199 4779 re
1222 4707 1384 4780 iudicata
1412 4705 1609 4790 habebunt,
1642 4704 1840 4796 eademque
1862 4697 2020 4774 libertato
2040 4699 2108 4773 μυ·

572 4811 719 4896 debunt,
752 4833 824 4902 qua
847 4805 991 4885 sculteti
1015 4815 1054 4885 in
1079 4815 1160 4906 alijs
1185 4817 1320 4886 nostris
1343 4814 1441 4885 villis
1466 4814 1663 4898 constituti,
1695 4813 1766 4884 frui
1790 4812 1963 4882 hactenus
1986 4804 2106 4870 cousit

572 4927 714 4992 uerunt.
761 4921 913 5011 Insuper
934 4919 1152 4994 kiuctbones
1188 4925 1226 4993 in
1261 4921 1360 4993 dicta
1387 4927 1510 4994 nostra
1533 4921 1621 4993 uilla
1656 4919 1866 5004 residentes,
1901 4914 1945 4986 de
1976 4895 2106 4998 quolila·i
2212 4995 2215 5000 .

574 5047 701 5098 mauso
725 5033 808 5119 post
844 5027 1037 5098 decursum
1074 5049 1199 5101 eorum
1233 5029 1443 5102 libertatum
1476 5029 1630 5119 singulis
1667 5030 1772 5100 annis
1797 5026 1842 5098 ad
1867 5025 1996 5096 festum
2013 5012 2107 5078 saecu
2203 5027 2208 5064 z
2310 5073 2313 5082 .

572 5135 716 5206 blartini
734 5155 894 5206 marcam
912 5135 1069 5206 latorum
1087 5156 1294 5224 grossorum
1315 5136 1463 5220 dabunt,
1489 5136 1729 5223 assignabunt
1746 5135 1903 5207 totaliter
1925 5131 1960 5198 et
1981 5115 2098 5190 soiuac

571 5241 697 5314 liciam
733 5241 885 5334 predicti
923 5245 1038 5315 nostri
1073 5243 1288 5322 kiricihoncs
1329 5244 1375 5316 ad
1411 5245 1546 5316 testum
1577 5245 1854 5336 Assunrpcionis
1891 5236 1988 5308 bcaie
2020 5217 2102 5292 iiia·

572 5349 676 5422 nobis
693 5369 758 5441 per
782 5349 872 5420 diros
889 5350 1007 5442 pullos
1032 5356 1069 5422 et
1093 5351 1138 5423 ad
1162 5351 1298 5422 sosium
1318 5351 1458 5423 l‘asclic
1481 5373 1545 5444 par
1561 5351 1720 5423 mediam
1745 5359 1961 5438 sexagenum
1982 5333 2109 5402 orientii

573 5457 733 5548 quolibet
765 5477 859 5528 ariao
891 5456 977 5528 dare
1011 5460 1085 5530 sint
1120 5463 1273 5542 astririi;
1308 5459 1486 5531 scultetus
1514 5479 1599 5530 roro
1631 5461 1669 5530 in
1700 5477 1831 5546 niagno
1866 5446 2001 5524 iudicio.
2033 5445 2082 5516 qm
2203 5479 2219 5545 ὁ

572 5563 775 5636 secundum
800 5585 1031 5636 commiuicm
1056 5567 1356 5638 coirsueiudiuenr
1382 5579 1475 5637 ieri-e
1498 5587 1591 5639 anno
1616 5566 1775 5656 quolibet
1791 5557 2005 5633 nosci-natur.
2027 5529 2109 5606 ¹¹⁰¹''·'
2206 5551 2219 5628 3.-
2321 5603 2332 5631 .

471 5747 475 5754 .
572 5692 636 5744 sex
667 5677 798 5759 scotos,
834 5672 1049 5745 kinethoues
1074 5695 1159 5746 vcro
1189 5673 1347 5746 inedium
1383 5694 1543 5746 rriarcam
1578 5676 1728 5758 sillucio,
1765 5671 1850 5744 dare
1884 5669 1919 5737 ct
1952 5641 2111 5732 utilium
2208 5679 2255 5719 ι’

1002 5775 1007 5782 “
1756 5801 1760 5807 Ι
2208 5769 2224 5809 Ἰ.
