4722 6360
314 528 317 540 ,
338 527 342 536 ι

313 762 512 834 memorato
547 737 632 834 vero
656 759 850 832 Vincentio
884 757 1053 832 Naclansi
1079 763 1122 832 vt
1143 758 1319 852 prelmtur
1342 758 1536 832 castellano
1564 755 1846 836 abiudicauimua

302 873 518 964 perpetuum
541 867 612 940 slbi
634 867 824 940 silenolum
845 870 1081 962 imponentes.
1104 867 1240 940 Harum
1264 867 1394 958 quibus
1417 866 1537 957 sigilla
1549 869 1673 939 nostra
1686 885 1843 959 apppnsa
1962 859 1965 866 .

302 980 389 1050 eunt
410 977 620 1050 teshrnonlo
639 976 835 1050 litoramm
879 977 1015 1048 Actum
1047 979 1083 1048 et
1116 973 1243 1048 datum
1277 974 1447 1048 11111111
1481 973 1572 1046 teria
1601 977 1729 1065 quarta
1761 981 1842 1052 ante

300 1085 520 1158 dominicam
543 1082 656 1170 Oculi,
686 1103 779 1156 anno
808 1083 1071 1157 lncamacionis
1100 1083 1246 1156 Domini
1270 1083 1461 1156 millesimo
1489 1081 1837 1174 quadringentesimo

301 1195 412 1264 serta
459 1191 689 1266 Prosentibus
711 1191 784 1286 hijs
806 1189 1070 1264 venerabilibus
1094 1195 1131 1262 et
1145 1190 1365 1280 magnificis:
1411 1189 1557 1264 Nicolao
1573 1188 1836 1284 archiepiscopo

303 1299 514 1386 Gneanensi,
530 1299 644 1373 vPetro
666 1299 904 1384 Cramuiensi,
927 1298 1074 1372 Alberto
1096 1297 1330 1371 Poznaniensi
1363 1301 1551 1392 episcopis,
1583 1297 1740 1370 Iohanne
1762 1295 1842 1374 Cra
1985 1304 1987 1310 '

303 1409 465 1480 coniensi
506 1409 711 1494 castellam,
751 1407 858 1480 Petro
890 1405 1037 1480 Kmithe
1075 1405 1312 1490 Craeouiensl,
1357 1404 1514 1478 Cristino
1553 1405 1842 1494 Sandomiriensi,

302 1515 462 1588 Iohanne
483 1515 642 1607 Liguras
663 1515 888 1590 hancicienei
909 1515 1088 1608 palatinis,
1123 1513 1330 1588 Gnewossio
1346 1513 1644 1598 sandomiriensi,
1673 1512 1843 1590 Michaele

304 1623 526 1710 Lublinensi,
549 1623 704 1696 Oristino
727 1623 956 1708 Sandecensi,
986 1621 1144 1695 Iohanne
1165 1621 1398 1709 Lancioiensi,
1431 1622 1581 1696 Nicolao
1601 1620 1843 1713 Woynlciensl

305 1731 510 1864 1111111111
534 1735 737 1824 1111111111
757 1751 869 1824 qnam
889 1731 1055 1882 plrnimis
1077 1728 1282 1822 fidedignls.
1377 1797 1382 1809 ,
1503 1801 1506 1808 ,

324 1953 327 1957 ’
464 1963 545 2024 leka
569 1963 895 2024 Nummio&
915 1963 1169 2038 roanoeygtmlu
1196 1963 1450 2038 manneae,
1476 1957 1842 2100 mhwmeeonlw

301 2045 1249 2140 rrArehirrurnkevrnnern,uhtdragoo'isialypieeeeeiedrrie.¹
1339 2144 1345 2170 Ι
1538 2117 1541 2123 ,

466 2267 1339 2349 noemminmpomaumkdpaeiepmmtim
1440 2197 1442 2202 ι
1521 2221 1526 2230 Ι

305 2781 360 2850 91.
407 2779 507 2850 1406.
532 2747 668 2850 nera.
685 2721 828 2850 'mensis
850 2775 979 2861 Martii,
1002 2759 1208 2848 0111111αοῖ
1242 2765 1298 2847 ’κ’

469 3008 690 3084 wladislaus
712 3009 753 3082 11
787 3029 850 3082 rex
880 3009 1048 3082 Poloniae
1085 3009 1275 3081 ecclesiam
1314 3012 1351 3080 et
1387 3009 1646 3080 monasterium
1679 3006 1843 3080 Fratrum

305 3117 657 3320 ξιιὲιῑιιὲὴᾱὲιωῗαιῐω
679 3117 724 3192 de
746 3117 866 3193 Monte
889 3116 1075 3191 Carmeli
1064 3136 1104 3191 ιιι
1133 3116 1303 3190 suburbio
1334 3117 1490 3227 civitatis
1519 3115 1717 3244 Posnaniae
1740 3117 1844 3208 erigit

468 3461 511 3536 In
532 3461 680 3534 nomine
700 3459 847 3534 Domini
870 3479 986 3534 amen.
1032 3459 1092 3534 Ad
1112 3463 1324 3554 perpetuam
1339 3460 1392 3532 rel
1406 3460 1627 3532 memoriani
1673 3457 1847 3548 Quoniam

307 3571 408 3643 ionte
430 3570 641 3664 plenissimo
672 3569 814 3644 celestis
845 3571 967 3661 gracie
999 3569 1183 3658 irrigante,
1215 3568 1456 3661 spiritualium
1490 3570 1722 3641 carismatum
1755 3566 1848 3646 dona

308 3678 488 3769 largiflua,
530 3680 592 3770 pla
626 3675 824 3750 donacione
854 3695 1036 3762 concessa,
1075 3696 1117 3748 eo
1155 3679 1273 3765 magle
1310 3679 1349 3748 in
1379 3675 1647 3770 possidencinm
1685 3673 1849 3749 cordibus

308 3787 504 3859 exuberare
530 3788 737 3870 noscuntur,
767 3803 838 3874 quo
861 3783 979 3874 magis
1001 3787 1041 3856 in
1063 3804 1186 3856 eorum
1209 3783 1387 3874 suffragia
1408 3783 1668 3868 diiiundantur,
1698 3802 1849 3875 quorum

309 3897 531 3968 comentaoio
553 3893 640 3966 licet
661 3911 706 3965 ex
728 3894 888 3966 caritatis
910 3891 1099 3964 latitudine
1121 3895 1300 3964 uniuersis
1322 3890 1491 3964 fidelibus
1515 3891 1695 3978 debeatur,
1718 3893 1757 3964 in
1778 3892 1849 3964 illis

308 4007 432 4075 tamen
461 4001 557 4075 dona
578 4003 659 4094 ipsa
681 4001 847 4093 specialis
874 4004 1108 4092 prerogancie
1129 4003 1256 4072 merito
1286 3999 1372 4074 ordo
1396 3998 1581 4072 charitatis
1603 3999 1747 4072 vberius
1777 4018 1849 4071 ero·

312 4131 400 4201 gare
424 4111 621 4193 consueuit,
653 4128 747 4200 quos·
773 4109 966 4199 singularis
998 4107 1203 4180 deuocionis
1234 4109 1418 4198 exigencia
1447 4105 1748 4180 commendabiles
1772 4125 1851 4178 esee

313 4219 459 4290 fatetur.
504 4215 551 4289 111
574 4235 658 4288 curn
681 4219 803 4307 itaque
826 4215 949 4288 diuino
971 4215 1219 4289 retribucionis
1236 4219 1404 4288 meritum
1427 4219 1464 4287 et
1485 4215 1691 4308 temporalis
1709 4233 1850 4308 prospe·

309 4329 429 4400 ritatis
454 4329 689 4416 angmentum
712 4323 956 4397 indubitanter
978 4344 1044 4398 nos
1067 4327 1238 4416 consequi
1267 4325 1456 4410 credimus,
1487 4322 1575 4396 dum
1598 4323 1710 4395 diuini
1734 4323 1851 4396 cultus

312 4437 506 4526 augmento
529 4432 762 4518 intendimus,
786 4431 873 4504 dum
896 4435 968 4525 pijs
991 4433 1078 4505 locis
1110 4437 1147 4504 et
1168 4432 1421 4505 ecclesiasticis
1452 4431 1546 4505 dona
1575 4451 1639 4524 per
1666 4431 1850 4503 liberalitis
1882 4525 1885 4530 Ι

292 4548 431 4636 ⁴nostre
463 4541 757 4614 munilicenciam
790 4543 1056 4631 preciosissima
1086 4543 1310 4633 impartimur,
1349 4539 1498 4633 proinde
1531 4559 1597 4612 nos
1632 4539 1849 4612 Wladislans

308 4651 376 4724 Dei
409 4653 533 4742 gracia
565 4667 628 4720 rex
664 4647 808 4722 Polonie
834 4669 973 4722 necnon
1007 4655 1184 4722 terrarum
1221 4648 1400 4732 Craconie,
1434 4645 1666 4732 Sandomirie,
1702 4645 1848 4730 Siradie,

312 4759 489 4844 Lancicie,
528 4757 698 4848 Gnyauie,
736 4756 946 4848 Lpthuanie
978 4760 1144 4850 princeps
1172 4775 1373 4848 supremae,
1407 4755 1617 4828 Pomoranie
1654 4755 1850 4845 Russleqne

310 4867 481 4940 dominns
504 4871 540 4938 et
563 4865 668 4936 heres
692 4869 757 4936 etc.
782 4865 1033 4954 significamus
1057 4869 1178 4938 tenore
1192 4867 1418 4958 presencium
1439 4863 1605 4936 omnibns
1628 4865 1666 4934 et
1686 4863 1848 4952 singulis,

215 4965 217 4970 ’
309 4975 443 5068 quibus
466 4972 619 5066 expedit,
642 4977 720 5044 tam
741 4973 978 5065 presentibus,
1010 4994 1118 5063 quam
1142 4973 1286 5058 1111111,
1315 4971 1411 5064 qnod
1441 4971 1487 5044 ad
1510 4973 1685 5042 instantes
1707 4972 1849 5064 peticio·

311 5103 377 5156 nes
400 5080 588 5155 reuerendi
612 5084 650 5154 in
682 5079 824 5153 Christo
859 5084 983 5173 patris,
1022 5081 1157 5153 domini
1194 5081 1333 5152 Alberti
1369 5078 1497 5152 eadem
1534 5081 1657 5169 gracia
1693 5078 1849 5172 episcopi

308 5192 575 5274 Posnaniensis,
605 5187 734 5261 deuote
756 5189 858 5262 nobis
889 5191 1027 5261 sincere
1057 5187 1186 5267 dilecti,
1217 5189 1373 5281 speciali,
1405 5190 1519 5260 eciam
1548 5187 1623 5258 nelo
1646 5185 1849 5260 deuocionis

309 5300 454 5372 accensi
477 5301 514 5371 et
541 5297 786 5370 condicionem
814 5297 967 5370 fratrum
999 5295 1133 5370 ordinis
1165 5303 1290 5370 sancte
1323 5297 1473 5387 virgmis
1509 5295 1618 5366 Marte
1649 5294 1694 5366 de
1731 5298 1850 5368 monte

309 5407 463 5480 Carmeli
494 5409 531 5478 et
560 5406 742 5494 religionis
773 5425 908 5490 eorum,
943 5426 1052 5496 quam
1082 5407 1186 5477 Pater
1215 5407 1392 5478 luminum
1416 5407 1454 5476 in
1477 5401 1583 5476 domo
1613 5423 1680 5477 sua
1702 5403 1851 5496 syderea
1882 5395 1886 5404 '

310 5517 487 5590 charitate
509 5514 649 5605 fulgere
672 5516 866 5602 constituit,
892 5515 1085 5606 singularis
1108 5513 1314 5588 deuocionis
1339 5511 1531 5587 aflectibus
1560 5513 1850 5606 contemplantes,
