4706 6356
309 609 354 681 68

313 803 449 878 Mathia
470 804 598 900 Kcnpa
620 803 664 877 de
686 805 796 892 Iwoo,
819 804 976 879 Iohanne
998 803 1187 878 lablowslrl
1208 825 1282 878 vua
1309 825 1392 880 cum
1421 803 1587 912 Podoleld
1611 809 1647 880 et
1669 807 1750 902 alijs
1772 799 1915 903 plu·

314 915 416 987 rimis
439 915 576 988 vocatia
599 915 637 988 et
657 915 792 1014 rogatis
816 913 1021 1010 specialiter
1043 912 1090 988 ad
1111 917 1297 1008 prendssa.
1497 947 1501 956 ·
1593 965 1597 972 .
1637 967 1640 976 .

473 1127 699 1207 ammpcu
726 1129 962 1272 pmochovancgo
978 1147 1005 1188 ιι
1023 1128 1178 1189 ιιοιιιιιιιιι
1196 1129 1350 1204 landonem
1367 1149 1393 1189 ιι
1411 1074 1558 1191 Pomaria
1576 1130 1727 1207 (hirenlhi
1745 1131 1779 1194 B.
1796 1131 1849 1208 ΙΙ).

479 1327 1381 1405 ἾΠᾳοιιιιιιιιιιιιιιροιι.μιοιιιιιιιι,.ιιιμι8οιιοιιιιιι
1556 1342 1573 1360 r

517 1419 693 1478 bisam
710 1419 778 1478 ciet
795 1420 916 1478 ronta
933 1417 1039 1493 uiessdy
1056 1437 1082 1478 ιι
1100 1435 1170 1494 pov
1189 1417 1411 1494 gnictnicdakirn
1428 1419 1574 1496 polotona.
1676 1469 1679 1476 .

476 1508 500 1582 Ἶ
519 1507 687 1582 Maleam
706 1509 772 1567 ciet
791 1509 829 1580 tei
847 1527 945 1582 nam
962 1507 1023 1566 dcii
1040 1509 1088 1566 nie
1106 1507 1226 1579 ιιιιιιοιο.
1621 1561 1623 1564 .

516 1597 662 1658 aalma
679 1597 745 1658 vici
763 1597 869 1675 uiegdy
887 1617 912 1657 ιι
930 1598 1033 1671 woiew.
1052 1597 1210 1669 haliokicm,
1228 1616 1292 1676 pov
1308 1599 1486 1660 nakleisklm.

294 1999 374 2067 td.
422 1994 840 2070 tonantissimas
863 1995 1027 2083 ιιιιιιιιι,
1051 1993 1226 2070 Gnesnaa
1293 2066 1295 2072 ,
1427 1992 1432 1999 ’

479 2209 639 2285 'l'homco
662 2212 902 2306 subpincema
930 2209 1176 2285 Cracoviensls
1207 2215 1245 2285 et
1276 2217 1483 2308 capitaneus
1514 2214 1658 2288 Maioris
1689 2213 1854 2290 Potoniae

323 2321 485 2406 tactatur,
509 2320 678 2392 Ioannem
701 2320 819 2392 filium
841 2319 1023 2392 Lutoborii
1051 2319 1286 2393 hereditatem
1318 2323 1544 2410 Slawocmo
1572 2323 1705 2395 micitia
1731 2321 1854 2415 Ioanni

321 2424 366 2498 de
389 2429 556 2500 Orchowo
577 2428 774 2500 vexillifero
797 2427 1012 2502 Dohrinensi
1033 2427 1152 2502 DCCC
1174 2430 1305 2502 marcis
1327 2428 1542 2504 vendidisse.

323 2709 328 2716 .
477 2643 519 2716 ιιι
540 2646 686 2717 nomine
708 2644 855 2717 Domini
884 2663 1000 2716 amen.
1016 2584 1120 2717 Nos
1150 2643 1308 2718 'I'homco
1340 2644 1586 2750 subpincerna
1612 2645 1855 2720 Cracoulensis

317 2755 355 2823 ot
382 2753 591 2844 capitaneus
621 2749 765 2826 Maioris
797 2751 942 2825 Potonie
971 2753 1160 2843 generalis,
1182 2751 1439 2844 significamus
1470 2738 1591 2826 tenore
1620 2755 1853 2846 presencium,

317 2859 447 2951 qulbus
472 2859 623 2952 expedit,
651 2863 840 2946 uniuersis,
874 2858 970 2951 quod
994 2859 1040 2932 ad
1063 2864 1283 2934 nostramet
1306 2861 1456 2934 oliorum
1479 2864 1572 2934 terre
1594 2860 1737 2934 Polonie
1760 2861 1855 2935 nobi·

323 2967 414 3040 lium
438 2967 613 3040 accedens
636 2969 859 3061 presenciam
881 2967 1011 3040 nobilis
1033 2971 1090 3042 ιιι
1110 2967 1286 3042 Iohannes
1308 2969 1407 3041 filius
1430 2968 1649 3062 Luthohorlj,
1670 2969 1763 3042 bone
1785 2990 1855 3042 mo·

318 3077 430 3149 morie
463 3076 607 3149 heredis
640 3079 680 3148 in
710 3076 835 3149 Maiori
869 3077 1128 3162 Slawoscheeoo,
1162 3097 1235 3149 non
1259 3077 1475 3170 compulsus,
1506 3097 1578 3150 non
1601 3079 1756 3164 coactus,
1790 3097 1855 3150 nec

328 3173 461 3256 errore
478 3182 582 3256 deuio
615 3182 795 3270 seductus,
826 3204 937 3257 sanus
961 3189 1081 3259 mente
1112 3189 1148 3258 et
1171 3205 1316 3278 corpore
1350 3187 1516 3271 existens,
1550 3205 1638 3258 rsus
1662 3187 1855 3258 ainicorum

321 3313 472 3364 suorum
495 3293 704 3365 consilioet
724 3297 868 3365 matum
895 3292 1153 3367 deliberacione
1184 3293 1381 3388 prehabito,
1411 3313 1516 3366 suam
1548 3297 1661 3366 totam
1682 3293 1856 3366 heredita·

323 3405 399 3474 tem
434 3403 577 3492 magius
609 3402 857 3474 Slowoactcwo
865 3405 891 3491 ¹)
914 3401 1010 3474 'cum
1043 3401 1209 3476 omnibus
1249 3401 1385 3489 usibus,
1424 3400 1611 3486 fructibus,
1650 3399 1855 3485 redditibus,

327 3509 505 3595 censibus,
529 3511 637 3600 agria,
661 3512 784 3603 pratis,
817 3511 962 3603 pascuis
985 3510 1186 3604 pascendis,
1217 3511 1330 3608 silone,
1360 3512 1464 3602 gaiis,
1495 3509 1618 3596 horris,
1653 3509 1854 3602 melliticijs,

328 3620 518 3709 quercinis,
541 3617 718 3709 uirgultis,
742 3617 959 3705 nemoribus,
983 3622 1131 3711 campis,
1160 3618 1321 3704 lacubus,
1352 3620 1526 3710 stangnis,
1556 3617 1757 3710 paludibus,
1788 3619 1856 3711 pis·

322 3727 423 3812 cinis,
447 3727 650 3820 piscaturis,
674 3725 812 3819 iluuijs,
835 3727 972 3814 riuulis,
1005 3729 1107 3818 aquis
1131 3730 1314 3800 eteorum
1338 3727 1557 3822 decursibus,
1588 3725 1799 3798 molendinis
1823 3728 1857 3796 et

321 3835 571 3920 emolimentis,
595 3835 878 3927 generaliterque
897 3855 980 3908 cum
995 3834 1161 3908 omnibus
1184 3840 1221 3908 et
1238 3825 1394 3926 'engolis
1417 3836 1648 3927 pertinenciis
1672 3838 1709 3906 et
1729 3833 1855 3906 obuen-

319 3941 482 4014 cionibus
527 3943 705 4014 uniuersis
747 3941 794 4014 ad
837 3941 972 4016 dictam
1020 3942 1256 4015 hereditatem
1297 3945 1546 4016 Shrwoactewo
1582 3940 1856 4032 q[uomodolibet

318 4048 589 4144 spe]ctantibus,
631 4069 701 4141 que
734 4069 831 4124 nunc
860 4055 947 4123 sunt
980 4053 1083 4124 etin
1117 4051 1280 4123 futurum
1314 4055 1352 4123 ιιι
1385 4051 1511 4124 eadem
1543 4053 1666 4123 inueni
1697 4052 1854 4143 possunt,

323 4164 431 4254 prout
461 4157 588 4230 eadem
614 4157 795 4230 hereditas
826 4160 871 4231 ab
902 4161 983 4252 alijs
1015 4159 1273 4232 hereditatibus
1296 4161 1402 4249 louge
1425 4159 1589 4250 [lateque]
1613 4162 1670 4230 est
1692 4157 1856 4230 distincta

326 4271 363 4341 et
384 4269 548 4352 limitata,
573 4265 624 4339 nil
646 4286 710 4360 pro
735 4289 774 4339 se
798 4271 835 4340 et
857 4269 933 4340 suis
957 4269 1224 4340 successoribus
1247 4271 1285 4340 in
1309 4267 1434 4339 codem
1457 4287 1656 4352 reseruana,
1688 4265 1754 4338 sed
1776 4283 1855 4337 cum

324 4379 421 4451 omni
447 4379 524 4447 iure
548 4377 585 4446 et
607 4373 775 4463 dominio,
806 4396 870 4470 pro
894 4379 1108 4465 octingentis
1132 4378 1287 4466 [marcis]
1310 4395 1516 4467 grossorum
1546 4379 1687 4447 monete
1709 4373 1856 4464 ngen·
1891 4471 1894 4478 Δ

320 4489 386 4572 sis,
410 4485 551 4557 numeri
572 4503 659 4556 uero
683 4483 904 4571 Potoniealis,
929 4483 1157 4575 quadriginta
1180 4489 1216 4554 et
1239 4487 1317 4557 octo
1341 4504 1485 4574 grossam
1503 4485 1541 4555 in
1557 4501 1715 4555 marcam
1738 4499 1856 4574 quam·

305 4594 413 4686 ,tibet
435 4591 685 4685 computando,
710 4592 919 4665 nobili'viro
943 4591 1110 4682 [domino]
1139 4592 1288 4664 Iohanni
1311 4591 1405 4664 dicto
1436 4591 1634 4676 Coszissko,
1665 4589 1855 4664 vexillifero

321 4702 547 4786 Dobrinensi,
579 4699 703 4772 heredi
726 4699 771 4772 de
801 4702 965 4792 Ονιιιοιιιο
994 4703 1166 4794 otiosius
1190 4700 1456 4773 successoribus
1485 4700 1671 4790 legittimis
1699 4695 1856 4771 vendidit

318 4814 357 4882 et
393 4829 513 4883 coram
540 4807 643 4880 nobis
676 4809 743 4880 rite
778 4813 814 4879 ct
847 4809 1109 4881 racionabiliter
1142 4811 1348 4900 resignauit,
1404 4828 1469 4901 per
1511 4810 1630 4900 ipsum
1675 4807 1854 4881 dominum

318 4917 516 4991 Iohannem
550 4919 587 4988 ct
610 4919 687 4988 eius
711 4936 937 4988 successores
960 4917 1140 5006 legitimos
1164 4917 1366 5002 tenendam,
1390 4914 1604 5000 habendam,
1627 4914 1856 4992 vendendam,

2025 814 2118 887 libus
2152 817 2254 889 sirio:
2286 818 2333 937 ιι1

2024 922 2310 996 Iacusioiakasu
2330 944 2338 962 ἰ

2029 2079 2101 2166 ιιι.Ι
2132 2091 2312 2197 14053die
2334 2149 2340 2196 ,

2185 2289 2334 2362 Ioannes

1898 2441 1900 2444 -
2031 2417 2160 2470 census
2183 2395 2340 2470 annuc

2194 2595 2233 2667 lt
2257 2592 2340 2686 Cum

2027 2702 2213 2776 ldziecml
2235 2720 2284 2773 na
2297 2721 2340 2795 uu

2029 2811 2102 2904 leta
2134 2831 2169 2882 ιι
2199 2808 2340 2882 Kaliszu

2026 2919 2154 2992 Pouet.
2196 2917 2340 3010 donym

2031 3030 2093 3100 ιιι.
2116 3025 2186 3100 ten
2214 3031 2236 3100 t
2264 3045 2340 3118 grui

2034 3135 2154 3228 gdyby
2176 3137 2235 3207 nie
2257 3133 2340 3208 dokc

2034 3245 2275 3316 amicszczan
2296 3249 2340 3322 sta

2028 3353 2238 3446 nnajdowall
2259 3355 2274 3424 ι
2296 3355 2340 3425 ιιι

2028 3463 2130 3532 rania
2152 3462 2340 3555 oblocuta«

2028 3565 2340 3660 dotmymywat,d

2028 3675 2076 3748 Co
2099 3676 2219 3768 gdyby
2242 3677 2340 3750 mialt

2030 3787 2174 3877 upierw
2196 3783 2340 3856 uuiado:

2027 3890 2233 3984 Natpdiniej
2258 3911 2340 3984 wyp

2027 3997 2157 4071 Botem
2179 3999 2340 4072 Narodze

2030 4125 2090 4179 ma
2110 4107 2179 4198 byc
2202 4127 2236 4178 w
2258 4106 2340 4179 Kali

2028 4211 2270 4286 Presentibus:
2316 4214 2340 4286 1<

2027 4324 2105 4394 ciue
2128 4321 2335 4394 Kalisiense.

2187 4518 2340 4576 Archtmm

2028 4612 2125 4682 tnony
2152 4609 2202 4682 hyl
2229 4610 2340 4684 piecrsact

2027 4703 2095 4755 otaw
2112 4697 2207 4756 hored.

322 5026 628 5110 commutandam,
668 5025 881 5110 donandam,
916 5025 1152 5112 alienandum,
1189 5024 1452 5110 comutundam,
1488 5022 1715 5115 obligandam
1745 5026 1782 5095 et
1814 5013 1855 5092 ad
1931 5042 1932 5045 ‘
2041 5027 2042 5032 ‘

319 5155 410 5206 usus
441 5133 685 5226 beneplacitos
721 5132 1011 5220 conuertendam,
1045 5138 1151 5226 prout
1184 5132 1253 5206 sibi
1277 5139 1314 5206 et
1336 5137 1413 5206 eius
1443 5133 1709 5206 successoribus
1732 5131 1855 5205 melius

320 5249 359 5314 et
381 5244 503 5316 utilius
527 5240 708 5315 uidebitur
740 5242 915 5335 expedire,
950 5241 1009 5314 uel
1033 5245 1147 5315 eciam
1178 5245 1255 5314 iure
1286 5241 1498 5314 hereditario
1524 5245 1559 5313 et
1579 5241 1683 5312 titulo
1705 5237 1854 5334 proprie·

318 5355 408 5423 tatis
423 5355 594 5445 perpetue
608 5351 801 5444 possidere.
825 5351 865 5422 In
890 5353 992 5422 cuius
1016 5353 1067 5422 rei
1090 5353 1335 5441 testimonium
1352 5351 1510 5440 sigillum
1534 5353 1695 5422 nostrum
1718 5361 1854 5444 presen-
1906 5342 1910 5349 '

316 5451 418 5532 tibus
443 5465 498 5531 est
514 5479 722 5553 appensum.
747 5461 880 5532 Actum
904 5465 941 5530 et
964 5458 1088 5531 datum
1112 5459 1254 5533 Gnezne
1277 5459 1368 5532 teria
1391 5463 1492 5530 sexta
1513 5462 1597 5550 post
1619 5461 1765 5529 octauas
1778 5449 1853 5544 Epi·

317 5568 616 5666 phanieDomini,
627 5589 720 5642 anno
736 5567 880 5642 Domini
887 5559 982 5642 limo
1000 5567 1349 5662 quadringentesimo
1365 5569 1498 5669 curinio.
1522 5565 1750 5640 Prosentibus
1764 5556 1853 5639 nobi·
