4706 6356
1871 510 1957 580 ·tl

431 707 563 788 demini
585 705 755 798 Beniluiij
782 705 905 782 diuino
927 647 1157 798 prouidencio
1179 705 1385 800 popeVllll,
1407 725 1503 778 enne
1519 703 1793 796 quintodecimo.
1817 744 1861 758 -
1886 705 1963 778 lior.

426 821 466 900 lll
489 819 524 888 et
547 833 658 905 gross.
683 813 737 886 Ill.
762 816 823 902 (no
846 809 1028 902 zoxledee)
1053 813 1255 908 Stephanus
1280 813 1324 884 de
1344 813 1451 912 i‘ruto
1475 813 1635 886 elerieus.

373 1068 377 1077 ·
583 1027 748 1086 Dokument
765 1017 984 1103 purgeminowy,
1004 1019 1205 1102 praechoueny
1224 1046 1249 1085 w
1267 1027 1422 1086 eschinum
1440 1029 1694 1103 nreiropelitnlnem
1713 1027 1963 1102 gnieinieriskiem,

426 1131 574 1206 opetnoup
587 1117 636 1194 bpl
654 1117 739 1192 jednn
757 1119 896 1196 pieezeeiq
913 1137 929 1176 z
947 1135 1123 1193 czeruenogo
1137 1119 1242 1188 uentu,
1260 1135 1298 1196 po
1311 1117 1400 1190 hidrei
1416 1119 1496 1194 tplke
1505 1120 1591 1194 pesek
1600 1120 1810 1196 pergeminowp
1828 1117 1962 1194 pozosttel.

323 1544 330 1586 ι
428 1527 479 1598 59.
526 1521 624 1590 1404.
649 1515 706 1588 die
728 1520 761 1589 3.
786 1518 920 1588 mensis
943 1515 1045 1600 Iunii,
1069 1515 1265 1614 Leneieiee.
1378 1471 1381 1476 .

587 1695 807 1804 wladislaus
829 1730 870 1804 ll.
894 1753 956 1804 rex
979 1730 1144 1804 Polonine
1173 1730 1218 1804 ed
1240 1751 1366 1824 preces
1391 1731 1563 1805 Gerherdi
1594 1732 1734 1804 abbatis
1759 1735 1968 1827 monasterii

378 1942 381 1948 1
429 1841 626 2026 ellstrsr(r³dplrlr{iest
655 1840 793 1912 litteras
821 1840 1002 1930 Peregrini
1038 1841 1214 1933 eopittmei
1246 1840 1389 1912 llaieris
1424 1839 1589 1913 Polonieo
1624 1839 1837 1913 demidii?
1867 1844 1965 1912 retes

586 2164 627 2236 li.
650 2164 784 2236 Actum
806 2163 972 2236 Loneieie
994 2164 1085 2235 ierio
1107 2165 1219 2236 tercie
1240 2163 1335 2236 inlre
1355 2169 1501 2236 octenos
1518 2163 1681 2258 Corporis
1706 2163 1847 2250 Christi,
1872 2183 1966 2237 enno

154 2209 162 2224 ι
210 2269 218 2297 ’
318 2330 323 2356 ‚
431 2274 567 2349 Domini
592 2272 643 2344 Μ0
666 2271 793 2344 0000ο
815 2271 899 2342 11110.
945 2263 1173 2344 Presentibus
1203 2271 1291 2364 hijs:
1321 2271 1516 2344 reuerendo
1539 2275 1578 2343 in
1601 2272 1741 2344 Christo
1765 2276 1875 2364 patre,
1906 2272 1965 2344 do·

433 2385 525 2456 mino
548 2379 693 2454 Alberte
717 2383 883 2472 episeopo
897 2379 1140 2463 Pozneniensi,
1163 2380 1363 2470 ualidisque
1378 2378 1535 2451 Iohanne
1549 2379 1787 2463 Creeouiensi
1809 2379 1967 2452 Iohanne

316 2497 323 2597 ξ
430 2491 582 2579 Ligenze
602 2487 835 2571 Laneioiensi,
858 2488 983 2560 Iooobo
1007 2485 1052 2558 de
1067 2490 1296 2576 Konieezpote
1312 2486 1518 2578 Syradiensi
1540 2488 1720 2580 palatinis,
1744 2485 1896 2559 Cristino
1920 2486 1965 2559 de

316 2614 321 2696 j
433 2599 564 2670 oerore
595 2593 884 2679 Sondomin'ensi,
914 2595 1087 2667 lliehaelo
1118 2593 1162 2666 de
1192 2597 1484 2684 Boperntlewieee
1512 2594 1720 2668 Lublinensi
1750 2593 1965 2680 castellanis

315 2725 321 2774 ι
433 2704 580 2796 eliquue
601 2705 732 2776 nostris
755 2702 923 2775 fidelibus
946 2701 1149 2793 iidedignis.
1196 2702 1331 2774 Dolum
1354 2722 1418 2796 per
1441 2723 1569 2776 manns
1588 2701 1804 2776 honorabilis
1827 2701 1965 2775 Nieoioi

433 2810 709 2904 vicecancellarij
734 2813 848 2882 nostri
870 2812 982 2902 regni,
1005 2809 1125 2882 iidelis
1148 2809 1278 2882 dilecti.
1563 2814 1568 2825 '

571 3025 613 3114 ‘z
631 2997 817 3103 munnego
835 3024 966 3104 nepem
983 3025 1135 3103 pannon
1153 3023 1293 3098 unum
1311 3023 1437 3086 neue

435 3425 486 3496 60.
555 3426 653 3497 1404.
678 3423 736 3496 die
758 3430 791 3496 4.
815 3423 950 3500 mensis
972 3423 1062 3511 Iulii,
1085 3423 1293 3497 Posneniee.

309 3685 315 3744 3
591 3639 797 3734 Capitulum
830 3639 1002 3714 ecelesiae
1022 3637 1251 3710 eethedrelie
1286 3638 1540 3711 Posneniensls
1576 3639 1702 3736 Jeoobe
1737 3640 1891 3712 molitori
1923 3639 1968 3712 de

309 3759 314 3845 j
436 3747 580 3820 dimne
603 3745 833 3820 construendi
856 3747 989 3820 melum
1010 3749 1049 3818 in
1071 3748 1158 3820 ville
1179 3747 1347 3834 Sieoeewo
1370 3750 1586 3840 potestatem
1609 3746 1782 3820 coneedit.
1922 3787 1927 3794 -

309 4017 312 4024 ,
464 4011 469 4020 .
588 3945 629 4018 ln
652 3945 796 4018 nomine
819 3945 965 4018 Domini
988 3965 1104 4018 amen.
1150 3945 1306 4018 Humani
1333 3947 1476 4036 generis
1509 3947 1672 4016 eooiones
1696 3948 1869 4019 memorie
1890 3967 1968 4040 per·

306 4106 313 4126 .
434 4055 538 4141 peine
559 4051 770 4144 indigentes
798 4053 1009 4147 plerumque
1033 4053 1078 4126 eb
1101 4053 1288 4126 hominum
1310 4055 1443 4126 notitia
1465 4052 1680 4139 dilabuntur,
1704 4074 1775 4145 que
1796 4074 1864 4126 neo
1879 4075 1968 4126 voce

304 4175 311 4256 :j
435 4159 586 4246 testium,
609 4180 725 4252 neque
747 4163 880 4254 scripto
912 4166 1140 4234 renouentur.
1185 4159 1319 4233 ideireo
1349 4180 1417 4232 nos
1445 4161 1642 4254 capitulum
1666 4161 1815 4235 eeelesie
1838 4161 1968 4236 Penno-

368 4311 370 4314 -
426 4265 565 4340 ,niensis
586 4270 837 4342 uniuersorum
866 4273 903 4340 et
925 4269 1165 4359 singulorum,
1197 4289 1349 4360 quornm
1378 4271 1528 4341 interest
1555 4289 1620 4341 seu
1642 4270 1816 4342 interesse
1838 4273 1970 4364 peterit

302 4379 310 4434 ’ἑ
432 4369 470 4442 in
494 4373 667 4462 futurum,
697 4379 828 4449 notieie
858 4374 1162 4463 commendamus,
1192 4379 1419 4469 presencium
1450 4396 1514 4470 per
1543 4381 1714 4463 tenerem,
1748 4377 1844 4468 quod
1873 4379 1970 4452 bone

435 4480 578 4555 ecelesie
602 4482 762 4578 predicte
784 4484 1036 4557 Ponneniensis
1059 4486 1098 4556 in
1121 4482 1249 4556 melius
1272 4484 1466 4557 reiormere
1489 4487 1684 4578 cupientes,
1708 4487 1747 4557 in
1769 4485 1967 4560 hereditate

306 4609 309 4614 ’
435 4591 551 4663 nostru
578 4592 802 4666 Stomehewe
832 4613 942 4686 prope
965 4595 1215 4681 Pobedeielw)
1246 4592 1433 4678 adiacenti,
1463 4592 1612 4685 prouido
1641 4592 1777 4666 Ieeobo'
1798 4594 1968 4667 molendi·

435 4699 544 4770 netorl
568 4698 612 4772 de
634 4703 784 4775 Giezino
807 4701 1052 4774 molendinum
1082 4703 1177 4773 eirea
1200 4704 1236 4773 et
1258 4721 1368 4795 prope
1399 4701 1519 4774 loeum
1542 4691 1705 4774 nostrum
1729 4697 1823 4774 diete
1846 4707 1967 4776 nostre

436 4795 637 4881 hereditatis
668 4809 894 4882 Staneclrewe
924 4808 969 4881 de
998 4828 1093 4882 nouo
1126 4806 1289 4880 dedimus
1314 4807 1604 4916 construendum,
1633 4808 1836 4895 leuandum,
1868 4810 1968 4883 edili·

436 4911 586 4988 mudum
620 4922 657 4989 et
690 4914 910 5007 erigendum,
944 4919 1014 5010 ipsi
1047 4916 1174 4989 lueoho
1208 4916 1481 4989 molendinatori
1518 4918 1554 4987 et
1586 4917 1663 4988 eius
1699 4916 1967 4992 suecessoribus

296 5101 305 5118 ἦ
434 5009 597 5106 legitimis
620 5023 716 5097 idem
745 5024 988 5097 molendinum
1022 5044 1088 5097 sen
1118 5027 1266 5097 lercium
1301 5027 1379 5096 eius
1412 5027 1562 5118 perlem,
1597 5045 1681 5096 eum
1704 5043 1798 5110 eree,
1831 5029 1907 5099 orio
1931 5030 1969 5099 el

294 5125 305 5215 ζ
435 5129 530 5210 prelo
568 5131 684 5206 eidem
722 5131 925 5205 molendino
950 5131 1205 5218 adiacentibus,
1238 5137 1411 5226 perpetuo
1445 5135 1522 5206 iure
1556 5130 1769 5205 hereditario
1802 5132 1967 5220 tenenda,

436 5221 602 5325 iubenda,
633 5239 851 5334 possidendo
873 5260 916 5313 ee
938 5240 1153 5326 vtiiruenda,
1184 5239 1229 5313 de
1250 5245 1444 5332 nostroque
1473 5261 1651 5312 consensu
1674 5239 1850 5327 donando,
1874 5263 1969 5314 eom·

436 5342 601 5418 mulondu
622 5352 660 5419 et
682 5347 730 5420 ed
755 5368 843 5420 vsus
872 5349 1114 5442 beneplacitos
1149 5347 1400 5434 conuertenda,
1435 5348 1503 5421 sub
1537 5349 1607 5421 hoe
1638 5347 1756 5421 forme
1789 5348 1967 5436 videlieet,

437 5447 526 5530 qnod
547 5453 708 5546 preietus
731 5455 880 5532 lacobus
904 5461 940 5532 et
963 5459 1039 5532 eius
1063 5476 1300 5548 successores,
1332 5457 1631 5533 molendinatores
1654 5458 1693 5532 in
1716 5455 1811 5552 dieto
1835 5458 1968 5538 molen·
