4720 6360
178 737 220 762 .,
257 759 263 774 ,
456 695 518 776 itt·
563 663 659 751 noc.
685 657 742 744 dle
766 673 820 744 21.
846 671 981 744 mensis
1004 655 1226 754 Novembris,
1251 615 1453 749 Grecoviee.

268 783 279 822 ι
341 805 345 810 .
1121 784 1127 794 ·
1268 781 1273 790 ·

32 2823 51 2872 s
67 2827 252 2900 supremus

32 2959 43 2992 t
67 2917 250 3004 uniuersis,

32 3021 112 3092 dein
137 3035 251 3100 noster

32 3128 77 3198 rit
100 3136 248 3226 complc-

32 3235 246 3314 cndicionen

47 3346 245 3420 cuiuscum-

32 3449 143 3523 lsvel
167 3456 243 3546 nlijs
280 3449 283 3455 ’
365 3487 374 3504 ·

32 3565 239 3632 cresencium

32 3669 135 3754 gitur
152 3672 240 3758 rapl-

32 3776 104 3862 tgni
128 3778 238 3846 nostri

32 3880 168 3970 talibus
203 3883 236 3952 ln

32 3989 179 4060 roribus
203 4001 234 4057 ct

32 4097 233 4182 coedentrs.

32 4199 44 4274 Ι
65 4202 231 4276 habueri·

32 4331 44 4380 r
75 4317 113 4384 et
144 4309 230 4383 ludo
324 4319 327 4326 '

32 4449 34 4476 ⁸
55 4438 164 4492 nono.
184 4451 227 4467 ···
272 4483 275 4489 .

32 4741 87 4800 em
113 4715 223 4794 nierdr

598 885 816 962 wladislaus
840 887 879 958 Π.
903 907 965 958 rex
988 885 1153 959 Polonine
1184 885 1380 957 'lbomccni
1407 884 1637 959 Komornicki
1660 885 1784 956 villum
1810 883 1979 955 Wroorow
2080 983 2082 990 Ι

454 1028 483 1094 1„
503 1001 590 1082 cxix
612 997 742 1070 mercis
765 997 907 1089 pignori
930 993 1075 1086 obliget.
1372 989 1377 1002 '

598 1211 803 1286 vladislaus
826 1211 893 1284 Dei
916 1197 1039 1302 grecie
1061 1230 1123 1282 rex
1145 1210 1298 1296 Polonie,
1323 1209 1583 1303 Lithuenieque
1605 1211 1773 1304 prinecps
1788 1227 1978 1302 supremus

454 1332 600 1414 etheres
614 1321 742 1394 Russie
763 1325 830 1392 etc.
854 1319 1104 1410 signiticanrus
1119 1324 1241 1391 tenore
1256 1323 1493 1412 presencium,
1518 1319 1648 1410 quibus
1665 1317 1816 1410 expedit,
1840 1319 1980 1388 vnlner-

453 1449 504 1526 ris,
526 1426 699 1526 quomodo
722 1425 924 1500 'Pbonrlrcni
946 1425 1188 1512 Komornicki,
1219 1433 1339 1498 nostro
1370 1425 1471 1498 iideli
1494 1426 1633 1512 dilecto,
1666 1425 1790 1498 villam
1820 1429 1979 1496 nostrum
2009 1485 2011 1494 .
2101 1441 2103 1446 ·

459 1543 614 1624 Wrcblow
638 1539 676 1607 in
698 1539 794 1608 terre
818 1540 854 1606 et
877 1533 1042 1606 districtu
1065 1533 1276 1606 Welunensi
1298 1537 1417 1620 sitem,
1449 1538 1655 1608 incentum
1685 1537 1816 1605 mercis
1843 1552 1982 1622 grosso·

453 1673 521 1734 mm
547 1645 788 1734 Pregenslum,
824 1644 861 1714 in
894 1641 1037 1733 qulbus·
1054 1645 1172 1734 ipsam
1201 1641 1338 1714 dudum
1372 1646 1490 1714 tenuit
1519 1664 1541 1715 e
1570 1642 1673 1716 nobis
1704 1641 1909 1732 obligatum,
1945 1647 1982 1711 et

453 1755 674 1859 quadraginta
708 1754 850 1823 monete
880 1751 1118 1822 communiter
1156 1749 1387 1836 decurrentis,
1427 1771 1527 1842 quas
1552 1749 1598 1823 eb
1629 1753 1708 1842 ipso
1744 1749 1982 1822 effectualiter

382 1908 386 1916 ·
454 1865 652 1957 recepimus,
676 1859 917 1949 obligauimns
942 1862 979 1930 et
1001 1862 1124 1929 tenore
1146 1859 1373 1950 presencium
1404 1857 1617 1948 obligamus,
1648 1877 1732 1929 cum
1755 1857 1921 1929 omnibus
1945 1861 1981 1926 et

452 1970 589 2064 singulis
612 1968 726 2060 ipsius
748 1965 974 2049 utilitatibus,
1004 1965 1182 2050 censibus,
1212 1965 1402 2051 lnrctlbus,
1435 1965 1658 2050 molendinis,
1688 1963 1921 2058 prouentlbus
1945 1971 1982 2034 et

453 2084 522 2174 eliis
542 2075 783 2170 pertinencljs,
808 2072 854 2145 cd
877 2076 994 2166 ipsam
1017 2073 1275 2166 spectantibus,
1307 2075 1514 2166 peripsum
1543 2071 1758 2158 hebendnm,
1788 2071 1981 2144 tenendam

451 2190 557 2284 quiete
579 2189 614 2256 et
635 2181 787 2276 pncilice
810 2179 1076 2274 possidendam,
1100 2179 1248 2266 tamdiu,
1273 2200 1459 2272 quousque
1481 2181 1552 2252 sibi
1575 2179 1669 2254 dicte
1692 2185 1837 2252 centum
1863 2200 1981 2252 merce

452 2311 643 2390 grossorum
666 2289 900 2380 Prcgensium
925 2292 961 2360 et
983 2287 1223 2379 quadraginta
1245 2293 1387 2362 monete
1411 2287 1632 2361 decurrentis
1655 2288 1880 2382 pernoscet
1903 2308 1982 2360 suc·

452 2420 597 2479 cessores
620 2401 761 2471 nostros
785 2418 828 2471 ex
852 2400 990 2487 integro
1013 2395 1149 2468 luerint
1170 2397 1359 2489 persolute.
1408 2395 1545 2484 Quibus
1568 2396 1694 2470 solutis
1713 2395 1800 2468 ville
1822 2395 1981 2488 predicto

452 2511 491 2585 ed
510 2527 573 2580 nos
596 2511 632 2578 et
653 2510 793 2579 nostros
824 2524 1049 2577 successores
1078 2503 1194 2576 redire
1224 2503 1367 2576 debebit
1393 2504 1499 2598 pleno
1529 2508 1616 2590 iure,
1647 2507 1701 2576 cic
1730 2506 1855 2589 eclern,
1887 2503 1981 2594 quod

452 2615 589 2692 eandem
615 2615 760 2686 nonnisi
781 2615 935 2706 propriis
958 2613 1123 2705 pecunijs
1145 2611 1394 2686 tantummodo
1416 2631 1481 2705 pro
1505 2617 1627 2685 nostre
1654 2615 1870 2686 necessitate
1892 2611 1982 2684 redi·

452 2743 536 2798 mere
559 2721 738 2794 debemus.
785 2721 921 2792 Herum
944 2720 1074 2812 quibus
1098 2720 1257 2810 sigillum
1282 2725 1446 2792 nostrum
1469 2741 1669 2814 appensum
1694 2723 1751 2793 est
1777 2723 1981 2792 testimonio
2050 2799 2053 2804 ,

451 2833 631 2904 literarum.
678 2829 813 2903 Datum
845 2831 884 2900 in
916 2827 1089 2901 crecouie
1122 2827 1214 2900 loric
1227 2865 1230 2870 ·
1244 2829 1371 2920 quinte
1402 2831 1565 2923 proxime
1597 2833 1680 2922 post
1711 2829 1846 2901 testum
1878 2827 1982 2900 beate

452 2935 652 3024 tleliznbeth,
692 2957 785 3008 anno
823 2933 969 3008 Domini
1007 2935 1198 3008 millesimo
1229 2935 1583 3028 quadringentesimo
1615 2955 1718 3009 nono.
1759 2975 1803 2988 -
1839 2935 1982 3008 Relecio

451 3045 573 3117 domini
593 3043 732 3118 Nicolei
752 3043 1048 3136 vicecancellarii
1289 3116 1293 3124 ,
1506 3091 1508 3096 -

598 3259 677 3318 'leh
693 3259 908 3318 Numantiae
925 3259 962 3318 10
979 3259 1017 3318 N.
1039 3260 1092 3316 iet
1104 3275 1121 3316 x
1133 3259 1283 3333 cryglnelu
1301 3209 1791 3335 ptrg'xmtncvegc'enibilomegc,
1808 3259 1982 3335 puerinon·

451 3365 514 3422 cegc
530 3347 632 3423 niegdy
644 3367 671 3408 w
683 3347 848 3410 Ambinon
865 3350 1028 3418 tanmem,
1046 3355 1234 3424 cpemegc
1245 3349 1384 3424 plemeciq
1394 3351 1565 3422 arduenne
1577 3368 1616 3408 ne
1628 3349 1719 3426 pnku
1732 3351 1981 3426 pergxmlncrrym.

453 3797 518 3869 roc.
564 3801 661 3872 1410.
685 3797 743 3872 dle
765 3803 821 3872 20.
836 3765 981 3884 ,menete
1004 3797 1199 3884 Februarii,
1223 3797 1480 3892 sandomiriee.

599 4013 793 4088 Prlbleleue
826 4014 871 4088 de
909 4018 1056 4104 ornem»
1089 4013 1287 4087 Wledielnc
1308 3979 1356 4087 ll.
1388 4017 1465 4106 regi
1496 4011 1662 4088 Polonice
1693 4010 1726 4086 D
1761 4033 1903 4092 merces
1936 4013 1984 4089 ed

452 4133 568 4194 uenus
589 4121 731 4197 Ineunte
755 4119 800 4196 de
821 4125 975 4214 Rudepn
996 4122 1135 4196 solvere
1157 4143 1238 4196 sese
1260 4121 1406 4214 obliget.

598 4335 673 4413 Noe
695 4338 910 4413 Prrlbieleus
938 4336 984 4412 de
1005 4342 1135 4412 Griein
1157 4341 1400 4437 promittimus
1430 4337 1526 4411 bone
1554 4337 1629 4411 ilde
1652 4339 1868 4436 quingentae
1891 4360 1983 4415 mer·

451 4455 506 4513 crs
526 4463 729 4535 grossorum
751 4448 906 4520 latorum
927 4447 1175 4539 Prcgenelum,
1197 4449 1338 4519 numeri
1361 4451 1398 4518 et
1419 4445 1587 4539 ponderis
1608 4445 1875 4535 Polcnicalium,
1899 4469 1983 4541 qua·

451 4543 605 4641 dngintn
626 4561 706 4628 octo
729 4575 874 4647 grossos
897 4557 936 4627 in
958 4574 1119 4627 mercem
1142 4552 1340 4646 quemlibet
1362 4552 1612 4647 computando,
1637 4553 1684 4626 cd
1707 4575 1836 4629 monus
1859 4556 1984 4630 lohan-

452 4653 501 4727 ns
522 4657 565 4731 de
586 4664 728 4752 lipdein
749 4657 814 4757 pro
837 4664 1067 4736 serenissimo
1091 4664 1251 4756 principe
1274 4667 1311 4734 et
1333 4658 1488 4748 domino,
1512 4660 1656 4736 domino
1679 4661 1876 4736 chdislco
1889 4677 1984 4756 ¹rege

453 4755 593 4855 l'olcnle,
616 4769 663 4843 ed
685 4772 822 4844 testum
844 4769 956 4842 Pasce
978 4773 1139 4863 proxime
1161 4775 1354 4844 venturum
1377 4773 1456 4843 sine
1479 4771 1577 4843 omui
1606 4769 1781 4844 ditacione
1803 4770 1850 4844 ed
1873 4777 1984 4846 recto·

451 4881 526 4944 item
541 4877 644 4950 'mille
666 4899 880 4964 marterum,
904 4881 942 4950 in
966 4879 1097 4970 'qubus
1120 4878 1224 4951 nobis
1253 4877 1426 4971 oppidum
1450 4879 1622 4952 onerare
1635 4881 1660 4966 ¹)
1685 4877 1868 4970 obligauit,
1899 4901 1983 4972 quc·

437 4989 523 5085 'mm
544 4983 617 5058 iun
635 4985 680 5060 de
702 4987 798 5060 lecto
821 4989 861 5060 in
882 4987 1019 5079 paretis
1034 4989 1251 5078 quingentos
1273 4987 1493 5059 exsoluimus
1507 5005 1572 5057 sue
1588 4985 1789 5071 Serenitati,
1812 5007 1984 5080 reponere

451 5083 636 5166 uulnere
658 5097 739 5167 sinc
760 5093 917 5184 lulsom.
964 5092 1060 5181 Quos
1084 5096 1116 5165 si
1140 5093 1188 5167 ed
1208 5093 1410 5189 predictum
1433 5093 1568 5166 testum
1591 5091 1703 5166 Posce
1725 5097 1884 5186 proxime
1908 5097 1984 5168 nlu-

415 5187 417 5191 ’
451 5187 561 5270 &irum
583 5221 655 5274 non
676 5202 902 5286 coluerimus,
934 5207 1064 5274 extunc
1093 5200 1138 5274 de
1161 5202 1327 5276 omnibus
1351 5201 1454 5274 bonis
1484 5201 1616 5275 nostris
1646 5199 1884 5296 hereditorijs,
1914 5225 1984 5297 que
2111 5263 2118 5276 .

451 5303 674 5396 mulcente,
699 5308 825 5383 cedere
848 5308 1032 5394 debemus,
1056 5307 1101 5382 de
1124 5311 1255 5401 quibus
1284 5311 1362 5404 ipse
1386 5309 1553 5383 dominus
1575 5329 1637 5380 rex
1660 5311 1921 5384 intromittendi
1943 5333 1984 5385 se

295 5427 299 5434 ’
451 5395 588 5488 liberm
609 5415 755 5493 hebebit
777 5417 987 5494 lecultetem
1010 5421 1046 5492 et
1069 5437 1113 5491 en
1134 5437 1199 5515 pro
1222 5438 1262 5492 ee
1289 5419 1452 5492 retinere.
1498 5417 1634 5492 ilerum
1664 5418 1794 5510 quibus
1824 5419 1984 5514 sigillum
2126 5511 2128 5516 Ι
2284 5515 2285 5518 Ν
