4734 6356
1879 442 2149 510 .11·

451 638 663 714 'Gneanensi
703 635 867 726 ecelesijs
902 635 1071 729 predictis
1102 637 1137 708 in
1175 638 1481 728 archiepiscopum
1521 637 1739 728 preficiendo
1769 640 1805 708 et
1837 639 2011 728 pastores,

467 747 614 824 Iohanni
638 739 861 816 Caminen'sis
886 747 922 815 et
945 743 1182 834 Dobrogostio
1205 743 1375 837 predictis
1400 737 1618 818 Gneznensis
1635 746 1868 818 ccclesiamm
1891 743 2012 816 huius·

469 853 565 930 modi
589 872 711 924 curam
735 855 772 924 et
796 851 1147 924 administracionem
1172 853 1209 924 18
1233 852 1479 946 spiritualibus
1510 857 1546 925 et
1577 854 1831 945 temporalibus
1854 852 2013 947 plenario

383 1036 388 1046 ,
469 959 740 1045 88188811188118;
764 963 800 1031 81
823 959 951 1031 deinde
974 981 1038 1054 per
1060 981 1126 1032 nos
1150 964 1307 1054 accepto,
1333 961 1428 1050 quod
1445 967 1572 1047 castra,
1596 960 1700 1048 bona,
1725 962 1874 1044 1888188,
1899 959 2013 1032 reddi·

469 1072 583 1143 tusci
604 1073 800 1160 prouentus
826 1073 862 1139 et
887 1069 960 1140 8118
989 1071 1068 1139 1888
1098 1067 1142 1140 ad
1175 1089 1337 1140 mensam
1371 1071 1610 1162 episcopalem
1641 1069 1891 1142 Caminensem
1914 1088 2013 1161 spee-

472 1179 597 1260 tantia,
633 1175 722 1248 adeo
757 1177 916 1248 anullata
950 1179 986 1246 et
1015 1197 1080 1270 per
1113 1177 1289 1248 88888188
1327 1181 1501 1269 88888818
1530 1179 1738 1263 existebant,
1768 1177 1864 1268 quod
1895 1175 2014 1248 dictus

467 1284 641 1360 lohannes
672 1285 861 1376 episcopus
892 1305 933 1354 er
965 1281 1151 1370 sumtibus,
1185 1285 1383 1356 redditibus
1414 1291 1450 1356 et
1479 1286 1711 1379 prouentibus
1741 1287 1855 1378 ipsius
1880 1304 2014 1368 mense,

471 1412 559 1486 quos
583 1393 764 1484 percipere
795 1397 945 1484 poterat,
979 1391 1235 1464 condecentem
1267 1397 1402 1465 statum
1433 1395 1631 1466 secundum
1659 1393 1878 1486 pontificalis
1902 1391 2015 1484 digni·

470 1501 553 1573 tatis
578 1497 846 1572 condecentiam
869 1505 990 1571 tencre
1014 1506 1049 1571 et
1072 1501 1277 1572 huiusmodi
1301 1507 1476 1594 occupata
1498 1521 1709 1595 recuperare
1734 1499 2015 1572 commodanon

471 1607 623 1691 ualebat,
652 1625 718 1678 nos
742 1609 862 1680 omnia
886 1612 921 1678 ct
944 1609 1088 1698 singula
1111 1614 1239 1694 castra,
1270 1609 1375 1692 bona,
1407 1609 1578 1697 redditus,
1609 1613 1816 1703 prouentus,
1846 1607 2015 1692 decimae,

470 1717 711 1800 obuentiones,
751 1715 1013 1787 iurisdictiones
1047 1721 1084 1788 et
1117 1716 1188 1789 alia
1215 1719 1294 1789 iura
1326 1717 1371 1790 ad
1411 1717 1717 1811 arehiepiscopum
1754 1737 1818 1808 pro
1857 1720 2017 1808 tempore
2168 1703 2174 1718 ’

388 1909 391 1916 ,
472 1827 682 1898 existentem
717 1827 754 1894 et
792 1825 871 1896 elus
914 1845 1077 1898 mensam
1122 1824 1462 1918 archiepiscopalem
1497 1826 1742 1900 Gneznensem
1782 1822 2017 1915 quouismodo

472 1933 679 2026 spectantia,
702 1932 740 2003 in
756 1930 899 2003 Pmssie
923 1937 960 2004 et
981 1933 1147 2004 omnibus
1172 1934 1253 2025 alijs
1269 1935 1431 2026 partibus
1448 1934 1589 2020 dicioni,
1613 1935 1784 2027 potestati
1807 1931 2017 2004 dilectorum

476 2041 632 2112 lillomm
656 2041 820 2130 magistri
845 2045 881 2112 et
904 2042 1055 2112 iratrum
1087 2041 1274 2134 hospitalis
1301 2040 1404 2113 beato
1427 2043 1537 2114 llarie
1567 2043 1865 2114 'theotonicorum
1887 2040 2018 2112 leroso-

474 2149 625 2220 limitani
649 2147 914 2238 quomodolibet
936 2148 1118 2234 sublectis,
1148 2149 1396 2236 consistencia‚
1426 2150 1470 2222 de
1493 2151 1669 2222 dictorum
1693 2149 1845 2224 fratrum
1870 2148 2018 2220 consilio

477 2254 764 2329 aiurisdlctione
798 2255 886 2328 dieti
921 2258 1178 2350 archiepiscopi
1212 2277 1276 2350 pro
1312 2262 1471 2352 tempore
1503 2260 1687 2331 existentis
1721 2258 1862 2328 eteius
1894 2275 2019 2330 mense

474 2364 689 2438 Gneanensis
728 2361 887 2456 predicte
916 2385 1031 2456 usque
1067 2365 1112 2437 ad
1147 2365 1241 2437 dicte
1270 2365 1374 2438 Sedis
1407 2365 1673 2461 beneplacitum
1709 2367 1920 2438 auctoritate
1942 2384 2020 2456 pre

475 2471 568 2543 dicta
592 2473 841 2563 separauimus
871 2475 1015 2565 penitus
1040 2478 1076 2544 et
1098 2474 1333 2546 liberabimus
1358 2480 1393 2546 81
1417 2495 1460 2547 88
1494 2477 1615 2546 omnia
1643 2477 1679 2545 81
1708 2472 1852 2564 singula
1880 2472 2020 2565 prelato

472 2577 619 2651 Iohanni
655 2581 821 2672 episcopo
858 2580 984 2653 eadem
1019 2585 1231 2653 auctoritate
1259 2585 1527 2655 reseruauimus
1557 2587 1593 2654 et
1616 2580 1922 2665 comendaulmus,
1956 2599 2022 2671 per

483 2705 702 2778 eamusque
734 2686 778 2758 ad
810 2686 1016 2760 huiusmodi
1038 2689 1303 2782 beneplacitum
1327 2689 1493 2774 tenenda,
1522 2689 1680 2792 regenda
1704 2693 1740 2760 et
1763 2691 1871 2760 etiam
1894 2685 2021 2778 guber·

436 2881 442 2890 ⁸
473 2793 601 2880 ninda,
627 2814 750 2866 curam
766 2800 803 2867 81
819 2794 1165 2869 administrationem
1185 2800 1330 2892 plenam
1349 2798 1553 2890 generalem
1578 2803 1614 2870 et
1636 2796 1787 2868 liberam
1811 2800 2021 2879 castromm,

482 2901 666 2988 bonorum,
698 2902 892 2989 fruetuum,
927 2904 1143 2991 reddituum,
1173 2910 1425 2998 prouentuum,
1464 2904 1696 2990 decimarum,
1735 2902 2022 2976 iurisdietiouum

474 3012 510 3082 81
530 3010 663 3082 iuriam
688 3009 895 3084 huiusmodi
917 3013 955 3084 in
978 3013 1225 3107 spiritualibus
1244 3018 1281 3085 et
1299 3013 1554 3106 temporalibus
1579 3012 1738 3106 plenarie
1755 3009 2022 3096 committendo,

477 3121 515 3188 rt
554 3118 632 3210 lpse
666 3116 853 3217 lohannes·
882 3123 1071 3215 episcopus
1106 3125 1159 3194 sic
1194 3141 1237 3192 ea
1267 3141 1333 3194 sue
1368 3113 1669 3194 administrationi
1703 3126 1740 3193 et
1773 3118 2023 3214 gubernationi

476 3226 668 3297 commissa
697 3228 931 3320 spiritualiter
960 3234 997 3301 et
1019 3229 1264 3322 temporaliter
1285 3231 1385 3301 iuxta
1413 3229 1535 3301 datam
1558 3229 1628 3301 sibi
1652 3249 1674 3300 a
1696 3228 1772 3300 Deo
1794 3227 2023 3321 prudentiam

479 3336 626 3423 regeret,
651 3331 821 3424 dirigeret
844 3339 881 3408 et
904 3342 1163 3428 augmentaret,
1196 3357 1238 3409 ac
1261 3336 1306 3409 de
1330 3336 1517 3422 tractibus,
1545 3335 1756 3422 redditibus,
1779 3335 2023 3428 prodentibus,

478 3439 614 3511 turibus
637 3445 674 3512 et
696 3441 973 3517 obuentlonibus
997 3447 1086 3538 ipsis
1109 3448 1289 3518 uniuersis
1313 3445 1494 3518 ordinaret
1516 3451 1552 3517 et
1575 3443 1789 3539 disponeret,
1813 3443 1963 3534 illosque
1986 3443 2026 3515 in

480 3565 563 3619 suos
594 3551 630 3620 81
660 3548 822 3622 eiusdem
851 3553 1001 3651 88818818
1033 3553 1257 3626 Camlnensis
1288 3575 1377 3626 8888
1408 3557 1615 3626 conuertere
1643 3552 1780 3624 ualeret
1813 3555 1850 3624 et
1881 3550 2024 3636 habere,

477 3660 581 3747 prout
614 3654 691 3728 uerl
730 3659 990 3754 archiepiscopi
1027 3657 1266 3747 Gneanenses,
1302 3665 1364 3752 qui
1397 3681 1461 3755 pro
1496 3666 1656 3754 tempore
1691 3660 1843 3745 tuerent,
1879 3659 1938 3761 de¹
1953 3660 2025 3732 illis

478 3769 639 3844 ordinare
669 3777 705 3846 et
738 3769 926 3864 disponere
959 3764 1225 3862 quomodolibet
1238 3775 1441 3864 potuerunt
1471 3789 1536 3842 888
1564 3769 1673 3841 etiam
1698 3767 1908 3854 debuerunt,
1943 3768 2026 3840 alie·

480 3881 621 3953 natione
644 3883 766 3954 188888
781 3879 955 3952 benonim
979 3878 1204 3950 inmobillum
1228 3882 1265 3949 et
1283 3881 1520 3970 pretiosorum
1544 3876 1742 3962 mobilium,
1766 3875 1812 3948 ad
1835 3875 2026 3948 ecelesiam

476 3977 514 4057 'et
535 4005 697 4060 mensam
731 3987 958 4061 (1888888888
981 3985 1160 4079 predictas
1190 3988 1457 4078 pertinentium,
1488 3985 1557 4057 sibi
1580 3987 1724 4078 penitus
1748 3983 1954 4069 interdicta;
1985 4003 2027 4056 ac

478 4091 656 4168 noluimus
679 4100 717 4167 et
739 4097 833 4168 inter
872 4099 989 4166 cetera
1014 4092 1139 4165 eadem
1172 4097 1384 4166 auctoritate
1419 4093 1656 4177 demeulmus,
1691 4091 1785 4183 quod
1815 4090 2028 4164 commenda

397 4209 404 4224 '
479 4203 514 4272 at
534 4202 756 4298 beneplacito
780 4200 989 4290 huiusmodi
1012 4201 1138 4286 finitis,
1163 4206 1292 4286 eastra,
1317 4201 1421 4287 bona,
1445 4201 1595 4285 fructus,
1624 4199 1796 4284 redditus,
1819 4205 2026 4294 prouentus,

436 4297 441 4306 ’
480 4305 625 4396 decime,
659 4310 924 4383 iurisdictiones
949 4314 987 4381 et
1010 4309 1080 4382 alla
1115 4313 1194 4382 iura
1227 4308 1435 4383 huiusmodi
1471 4308 1517 4381 ad
1546 4308 1746 4400 predictam
1781 4307 2028 4382 Gneznensem

434 4491 438 4500 ,
481 4417 665 4490 ecclesiam
690 4421 827 4490 eteius
852 4437 1015 4490 mensam
1039 4417 1381 4512 archiepiscopalem
1405 4435 1599 4506 eorumque
1622 4418 1679 4488 ius
1703 4420 1741 4489 81
1763 4418 2028 4510 proprietatem,

464 4530 585 4614 prout
607 4532 690 4600 ante
713 4527 993 4619 separationem
1010 4519 1216 4598 huiusmodi
1246 4525 1456 4610 existebant,
1488 4525 1728 4615 intergraliter
1750 4529 2029 4610 reuerterentur;
2160 4589 2164 4596 .

481 4635 516 4702 et
548 4632 808 4726 subsequenter
841 4630 1106 4728 beneplacitum
1129 4631 1337 4706 hulusmodl
1379 4633 1510 4706 litteris
1547 4634 1753 4725 apostolicis
1787 4653 1896 4728 super
1935 4653 2028 4706 com·

482 4739 626 4842 menda¹
643 4741 851 4830 huiusmodi
885 4743 1069 4828 conlectis,
1105 4747 1284 4828 contenta,
1319 4762 1436 4834 usque
1471 4741 1517 4814 ad
1555 4743 1748 4812 terminum
1783 4743 1859 4814 8118
1895 4742 2028 4835 8881811

480 4841 643 4922 lobannis
667 4851 825 4944 88188881
862 4851 907 4923 de
940 4851 1134 4923 eorundem
1170 4851 1322 4923 lratrum
1356 4851 1502 4922 consilio
1535 4853 1571 4922 et
1594 4850 1804 4942 apostolice
1837 4850 2028 4942 potestatis

479 4952 697 5042 plenitudnie
713 4959 924 5032 auctoritate
948 4958 1109 5052 predicta
1130 4961 1424 5051 prorogauimus;
1448 4962 1484 5030 81
1506 4959 1715 5033 8888888188
1738 4977 1820 5030 curn
1843 4958 2025 5052 prelatum

480 5055 670 5138 iohannem
706 5069 914 5160 episcopum
951 5088 972 5139 8
1006 5067 1162 5152 8188818,
1198 5087 1268 5158 quo
1303 5068 1374 5162 ipsi
1409 5065 1616 5138 Caminenai
1652 5066 1813 5150 ecclesie,
1848 5069 2028 5138 8811888

479 5177 626 5256 preerat,
661 5175 860 5258 tenebatur,
893 5174 937 5247 de
962 5175 1138 5248 dictomm
1171 5175 1328 5247 lratrum·
1355 5175 1503 5247 consilio
1537 5179 1573 5246 et
1604 5172 1813 5246 huiusmodi
1836 5179 2028 5268 potestatis

480 5273 697 5363 plenitudine
719 5283 1011 5370 absoluissemus,
1036 5286 1227 5376 ipsumque
1244 5283 1491 5356 adecclesiam
1507 5281 1747 5368 culmensem,
1772 5287 1859 5356 tunc
1881 5288 2026 5376 pastore

480 5391 656 5461 carentem
692 5391 1012 5480 transtulissemus,
1048 5392 1267 5486 preficiendo
1302 5393 1423 5486 ipsum
1457 5392 1495 5463 in
1526 5391 1734 5484 episcopum
1768 5397 1803 5464 et
1830 5397 2022 5484 pastorem,
2051 5451 2054 5455 Α

1816 5517 1849 5575 2⁸
1882 5575 1886 5583 .
