4714 6364
376 529 444 609 226

376 727 454 810 eei.
504 740 604 811 1414.
629 736 687 853 die
711 741 765 813 28.
790 737 926 812 mensis
949 733 1094 830 Aprilis,
1119 727 1294 812 (inesnce.

322 1023 324 1028 ,
537 952 708 1028 Nicotaus
729 953 949 1046 Engelweyd
971 955 1128 1026 vicarius
1151 957 1346 1048 perpetuus
1370 953 1543 1028 ecciesiae
1558 918 1785 1036 'unsarans
1806 967 1896 1059 Bene

376 1061 471 1134 dicto
508 1059 667 1135 Mathiae
706 1060 955 1136 archidiacono
994 1061 1216 1134 Lanciciensi
1252 1061 1297 1134 de
1330 1065 1543 1136 canonicatu
1577 1068 1615 1136 ct
1647 1066 1843 1158 praebenda
1868 1095 1896 1170 ι,

376 1170 502 1243 eadem
526 1169 682 1244 ecclesia
703 1170 877 1264 providet
1016 1241 1018 1246 .

536 1385 577 1460 In
600 1390 745 1460 nomine
766 1386 912 1459 Domini
943 1405 1058 1458 amen.
1106 1383 1181 1460 Sub
1213 1405 1309 1459 anno
1339 1407 1362 1458 a
1391 1385 1589 1460 Natiuitate
1619 1387 1779 1465 eiusdem
1806 1369 1897 1484 unu,
1989 1408 1990 1411 ‘
2079 1368 2115 1422 ’·

375 1498 466 1568 simo
501 1494 855 1588 quadringentesimo
889 1498 1015 1585 quarto
1055 1492 1204 1578 decimo,
1247 1493 1447 1566 indiccione
1484 1498 1648 1588 septima,
1686 1501 1897 1592 pontificatu,

374 1605 595 1676 sanctissimi
610 1605 648 1674 in
668 1601 809 1676 Christo
831 1604 945 1696 patris
969 1605 1006 1674 ct
1028 1601 1173 1687 domini,
1198 1601 1333 1673 domini
1349 1603 1462 1674 nostri
1477 1601 1644 1676 Iohannis
1658 1602 1780 1680 diuina
1800 1629 1897 1706 prout.

374 1711 502 1784 denota
535 1731 629 1805 pape
661 1713 825 1784 vicesimi
856 1711 972 1802 tercii,
1003 1729 1096 1782 anno
1130 1714 1267 1800 quarto,
1300 1709 1358 1783 die
1394 1710 1549 1799 Saturni,
1583 1713 1756 1787 uicesima
1789 1728 1898 1805 oetam

347 1823 509 1894 mensis
532 1817 678 1912 Aprilis,
709 1818 799 1892 hora
829 1819 1023 1890 terciarum
1044 1817 1103 1889 vel
1139 1819 1253 1908 quasi,
1287 1819 1326 1890 iu
1361 1817 1513 1890 ecclesia
1547 1820 1804 1913 metropolitica
1824 1829 1898 1908 (lna

371 1929 506 2014 ansusi,
528 1929 568 1998 in
591 1930 662 2000 mei
684 1927 813 2018 notarij
839 1925 974 2020 publici
998 1927 1034 1998 et
1048 1927 1196 1998 testium
1210 1924 1532 2019 irimscripterum,
1557 1926 1603 1998 ad
1626 1927 1694 2000 boc
1716 1935 1898 2022 specialiter

371 2041 590 2122 vocatorum,
628 2036 824 2128 presencia,
863 2035 1079 2106 constitutus
1117 2033 1352 2132 personaliter
1391 2033 1611 2107 honorabilis
1646 2037 1711 2121 rlr,
1750 2036 1898 2122 domiuus
1943 2128 1946 2135 ,

371 2145 541 2218 Nicolaus
564 2141 610 2215 de
633 2145 805 2216 Goccaino
829 2144 1023 2214 canonicus
1047 2141 1165 2212 sancti
1188 2139 1330 2233 Georgi]
1355 2143 1395 2212 ln
1418 2146 1535 2214 castro
1560 2142 1769 2231 Gneanensi,
1791 2167 1898 2240 procu.

369 2257 468 2324 rator
490 2253 733 2344 procuratorio
756 2251 902 2323 nomine
924 2247 1143 2321 honorabilis
1164 2249 1244 2334 riri,
1269 2245 1405 2320 domiui
1428 2248 1614 2323 Benedicti
1636 2251 1779 2339 iliatlrie,
1802 2259 1899 2335 archi·

372 2361 513 2433 diaconi
535 2359 789 2444 Lanciciensis,
824 2356 869 2430 de
893 2359 997 2428 cuius
1031 2357 1297 2448 procuracionis
1320 2355 1490 2428 mandato
1520 2355 1611 2430 milrl
1641 2362 1777 2432 notario
1807 2364 1899 2441 inira·

370 2471 483 2561 sripto
505 2487 571 2560 per
592 2466 738 2560 publica
770 2453 959 2538 constabat
991 2462 1217 2557 documenta,
1250 2468 1377 2536 tenens
1410 2466 1449 2536 in
1481 2464 1648 2538 menibus
1682 2470 1759 2540 suis
1791 2467 1898 2548 hum
1990 2558 1991 2563 Ν
2113 2537 2119 2552 ,
2205 2419 2252 2484 ’ἶ

233 2569 241 2580 ·
303 2616 307 2623 .
370 2597 437 2650 seu
458 2595 649 2669 processus
687 2570 875 2645 reuerendi.
908 2574 948 2644 ic
982 2569 1122 2644 Christo
1152 2573 1277 2665 petris,
1315 2563 1451 2644 domini.
1487 2571 1626 2645 Nicolai
1659 2573 1898 2676 archiepiscopi

355 2683 601 2768 Bneanensis,
636 2683 714 2754 eius
750 2700 835 2753 vero
862 2679 988 2770 sigillo
1022 2679 1167 2752 inillis
1202 2681 1363 2772 serice1js
1395 2680 1498 2752 rubei
1529 2681 1656 2754 coloris
1688 2679 1733 2755 de
1764 2704 1843 2758 cera
1862 2689 1898 2762 ab

369 2798 470 2865 extra
487 2791 618 2882 glauca
640 2793 677 2862 et
700 2789 893 2872 communi,
913 2787 958 2860 ab
981 2788 1080 2889 intus
1102 2806 1187 2858 vero
1210 2787 1322 2859 rubea
1345 2787 1563 2882 appendenti
1585 2789 1770 2880 sigllates,
1793 2813 1898 2883 sanas,

369 2901 491 2972 saluas
515 2903 556 2976 et
573 2901 733 2988 integras
756 2901 793 2968 et
814 2899 853 2967 in
876 2895 976 2967 nulla
1008 2897 1109 2988 paee
1132 2897 1189 2966 soi
1213 2900 1412 2988 suspectas,
1445 2916 1556 2969 manu
1579 2896 1722 2970 discreti
1745 2898 1842 2973 Pauli
1861 2902 1899 2977 dc

368 3013 505 3093 Brestle,
530 3008 650 3079 clerici
673 3002 985 3104 Wladlslauiensis
1009 3001 1172 3088 diocesis,
1196 3002 1332 3095 publici
1354 3005 1531 3096 imperiali
1551 3007 1760 3079 auctoriate
1783 3011 1896 3104 notorii

369 3120 533 3208 scriptas,
567 3115 728 3204 greciam
750 3109 796 3184 de
819 3113 1032 3183 canonicatu
1063 3110 1130 3182 sub
1162 3112 1412 3204 expectacione
1442 3111 1622 3204 prebende
1651 3117 1687 3185 et
1717 3113 1897 3206 dignitatis,
1956 3153 1959 3158 Δ

368 3215 562 3318 personatu
584 3221 643 3293 uel
678 3219 800 3293 oiiicio
823 3221 862 3290 iu
886 3218 1038 3290 ecclesia
1068 3217 1269 3292 Gneanensi
1296 3221 1419 3309 rigore
1450 3219 1634 3293 facultatis
1662 3241 1728 3314 per
1758 3223 1898 3296 eundem

368 3332 555 3405 dominum
577 3333 741 3402 nostrum
771 3346 904 3420 papam
935 3316 1031 3397 dicto
1062 3325 1205 3399 domino
1238 3323 1384 3399 Nicolao
1416 3327 1681 3422 archiepiscopo
1713 3328 1897 3403 Gneanersl

368 3459 548 3524 concesse,
579 3436 695 3509 eidem
726 3434 870 3507 domiuo
901 3433 1096 3506 Benedicto
1120 3432 1370 3507 archidiacono
1400 3435 1624 3508 Lauricienei
1646 3458 1710 3531 per
1731 3437 1898 3532 prefatum

366 3548 553 3621 Nicolaum
578 3544 886 3636 archiepiscopum
915 3541 1161 3614 Gnezncnsem
1184 3541 1330 3629 iactam,
1363 3545 1401 3614 iu
1424 3564 1465 3615 se
1503 3547 1735 3632 continentes,
1771 3548 1899 3618 canoni·

368 3661 489 3728 catum
527 3659 565 3726 ct
609 3649 828 3745 prebendam
872 3648 966 3721 dicte
1005 3650 1155 3721 ecclesie
1192 3649 1410 3722 Gnczneusis
1447 3655 1638 3724 vacantem
1672 3673 1737 3746 per
1773 3653 1901 3755 obilum
2014 3717 2020 3730 .

367 3762 549 3856 quondam
571 3759 710 3832 Nicolai
732 3757 819 3830 dicti
841 3757 997 3847 Longus,
1021 3756 1139 3828 ultimi
1163 3761 1199 3830 et
1214 3755 1413 3830 immediati
1427 3761 1575 3831 rectoris
1592 3759 1785 3832 eorundem
1807 3777 1899 3833 ceno·

365 3875 507 3944 nicetus
531 3872 568 3940 et
589 3864 780 3960 prebende,
814 3867 847 3936 si
880 3866 916 3937 et
948 3866 987 3936 iu
1022 3869 1197 3955 quantum
1228 3863 1344 3938 eidem
1368 3864 1511 3938 domino
1546 3866 1739 3940 Benedicto
1762 3872 1799 3941 et
1819 3865 1899 3941 nulii

367 3980 468 4051 alteri
494 3979 619 4067 rigore
657 3973 751 4044 dicte
787 3973 909 4063 gracie
949 3971 1133 4057 debentur,
1172 3972 1276 4046 modo
1312 3977 1348 4047 et
1379 3973 1496 4046 forma
1530 3975 1745 4062 melioribus,
1779 3975 1898 4067 qulbus

365 4089 491 4179 potuit,
526 4085 733 4156 innomine
767 4079 912 4152 Domini
946 4083 1157 4172 acceptarit,
1193 4085 1396 4173 protestans
1419 4081 1651 4176 solempniter
1673 4088 1709 4156 et
1732 4101 1898 4178 expresse,

366 4193 515 4286 quodsi
537 4195 595 4264 ius
619 4189 736 4262 eidem
760 4187 903 4260 domino
927 4187 1120 4260 Benedicta
1144 4189 1182 4260 iu
1206 4187 1311 4260 dictis
1341 4191 1554 4261 canonicatu
1577 4194 1613 4262 et
1634 4191 1814 4284 prebenda
1835 4207 1898 4261 non

365 4305 591 4394 competeret,
615 4295 711 4388 quod
727 4300 857 4367 extunc
882 4295 979 4366 dicta
997 4297 1119 4385 gracia
1135 4301 1171 4369 et
1193 4297 1251 4367 ius
1267 4296 1369 4368 selua
1388 4302 1424 4370 et
1438 4297 1540 4370 illesa
1558 4303 1728 4371 maneant
1752 4298 1797 4372 ad
1819 4296 1898 4370 alios

364 4410 614 4482 canonicatum
639 4408 676 4476 et
697 4402 918 4496 prebendam
942 4423 985 4476 ao
1008 4403 1230 4493 dignitatem,
1260 4410 1492 4496 personatum
1514 4406 1572 4477 vel
1595 4405 1758 4479 oiiicium
1787 4423 1898 4496 accep

364 4515 483 4589 tanda.
530 4513 576 4586 Et
599 4511 732 4584 ibidem
764 4510 862 4582 idem
892 4507 1059 4582 dominos
1089 4511 1258 4583 Nieoieus
1282 4510 1327 4584 de
1351 4515 1521 4585 Gosceino
1545 4513 1640 4585 dicto
1663 4517 1807 4586 nominc
1829 4529 1898 4605 pro·

364 4626 540 4697 curatorio
562 4620 693 4713 prelati
724 4619 860 4690 domiui.
890 4617 1076 4690 Benedicti
1107 4639 1190 4690 mox
1213 4625 1249 4691 et
1272 4622 1309 4692 in
1334 4623 1529 4692 continenti
1558 4623 1682 4712 rigore
1712 4619 1897 4695 earundem

363 4733 546 4804 literarum
570 4734 607 4799 et
629 4747 818 4820 processus
842 4731 879 4796 et
901 4727 1090 4816 requisivit
1107 4726 1352 4799 honorabilem
1370 4729 1499 4813 virum,
1519 4727 1703 4802 dominum
1719 4728 1896 4801 Nicolaum

362 4835 580 4930 Bngeiweyd
602 4837 778 4906 ricarium
807 4838 1021 4926 perpetuum
1056 4835 1093 4905 ‚iu
1117 4832 1214 4906 diota
1242 4835 1393 4907 ecclesia
1424 4835 1635 4921 Gneznensi,
1665 4837 1798 4910 ibidem
1826 4849 1897 4927 prr·

363 4951 501 5018 sentem
525 4949 562 5015 et
585 4941 802 5026 audientem,
826 4947 1013 5031 tamquam
1037 4941 1331 5014 subexerutorem
1355 4942 1449 5015 dicte
1472 4946 1603 5034 gracie,
1634 4951 1811 5036 quatenus
1834 4937 1895 5012 sibi

361 5056 504 5126 nominc
540 5051 626 5123 dicti
661 5050 796 5121 domini.
831 5047 1017 5120 Benedicti
1050 5048 1096 5119 de
1128 5048 1234 5120 dictis
1268 5052 1479 5123 canonicatu
1519 5059 1555 5123 et
1592 5052 1772 5144 prebenda
1808 5047 1896 5121 dicte

362 5162 510 5233 ecclesie
534 5158 752 5232 Gneznensis
789 5159 851 5242 sic,
884 5161 926 5227 ut
959 5155 1146 5248 prefertur,
1179 5177 1244 5249 per
1275 5157 1411 5229 obitum
1445 5158 1533 5231 dicti
1565 5159 1742 5250 quondam
1767 5151 1895 5232 Nicolai

359 5270 504 5359 Longus
534 5266 747 5338 vacantibus
777 5271 813 5336 et
836 5283 901 5356 per
930 5266 1046 5370 ipsum
1081 5263 1175 5335 dicto
1199 5267 1343 5336 nomine
1374 5269 1579 5359 acceptatis,
1610 5269 1811 5360 prouiderat
1833 5259 1915 5334 sub*

360 5379 461 5468 penis
497 5379 534 5448 et
566 5377 727 5446 censuris
764 5375 802 5444 in
833 5371 939 5448 dictis
978 5373 1205 5463 processibus
1248 5377 1435 5446 contentis.
1483 5373 1697 5467 Quiquidom
1736 5375 1895 5447 dominus

359 5483 525 5556 Nicolaus
549 5479 783 5574 Bugolweyth
806 5481 1041 5551 subexecutor
1072 5479 1254 5571 predictus
1278 5501 1359 5554 mox
1390 5488 1426 5554 et
1456 5485 1495 5554 in
1526 5487 1719 5556 continenti
1752 5475 1894 5576 prelatis

2135 4650 2281 4722 iniedskiej
2301 4656 2325 4720 (a
