4706 6356
1854 497 1991 580 ie

455 727 504 802 vo.
552 718 649 791 1405.
673 705 733 786 dle
756 718 787 785 1.
812 705 948 786 mensis
970 707 1074 798 iunii,
1097 709 1138 784 in·
1158 705 1248 798 qu,
1280 731 1284 740 ·
1320 691 1325 702 '

569 903 570 906 Ὺ
611 928 790 1004 Gerordus
823 928 934 1001 obbas
970 927 1178 998 monasterii
1207 923 1406 1030 Lendensis
1437 923 1562 996 villem
1584 925 1735 996 Radtow
1764 925 1842 996 iure
1866 889 1992 994 Teuto-

349 1076 352 1080 ·
456 1049 532 1126 nico
552 1039 646 1168 llovi
667 1036 736 1217 iplpi
751 1037 856 1122 locet,
880 1035 1154 1124 scultetiunrque
1177 1035 1215 1106 iu
1229 1034 1314 1104 villa
1338 1031 1464 1104 eadem
1485 1031 1593 1104 Iouee
1608 1031 1654 1104 de
1672 1033 1888 1119 Deiernem‘o
1910 1029 1994 1102 XIV

455 1167 581 1230 marcis
603 1166 673 1218 ven
729 1200 737 1216 .

610 1361 818 1435 innomine
841 1359 987 1432 Domini
1010 1379 1126 1430 nmen.
1172 1357 1246 1431 Nos
1277 1355 1389 1430 irater
1415 1355 1619 1431 Gorherdus
1651 1357 1763 1430 obbas
1786 1357 1995 1428 monasterii
2105 1429 2107 1432 .

456 1471 658 1554 Laudeusls,
682 1468 816 1541 ordinis
841 1465 1098 1553 cisterciensis,
1131 1465 1351 1540 (lucanensis
1375 1463 1539 1550 diocesis,
1566 1467 1747 1536 uniuersis
1771 1467 1808 1536 et
1829 1463 2016 1554 singulis,

457 1591 529 1658 tam
550 1576 729 1652 modernis
753 1595 863 1667 quom
893 1575 1038 1660 iuturls,
1068 1573 1115 1646 ad
1145 1594 1235 1664 quos
1257 1593 1407 1665 presens
1437 1576 1613 1666 scriptum
1635 1573 1746 1644 fuerit
1776 1570 1995 1656 deuolutum,

456 1689 593 1787 publice
625 1683 848 1778 proiitomur,
881 1682 977 1774 quod
1007 1683 1220 1754 sculteciam
1254 1685 1416 1754 nostram
1450 1683 1490 1754 in
1523 1681 1611 1754 villa
1649 1684 1773 1754 nostra
1809 1681 1957 1750 Rodlow
1970 1682 1996 1767 ¹)

381 1821 384 1828 ·
457 1798 633 1880 situatam,
658 1811 741 1864 cum
763 1792 879 1864 tribus
902 1793 1040 1864 mansis
1055 1791 1179 1863 liberis
1203 1790 1357 1862 discreto
1373 1791 1450 1863 viro
1475 1789 1569 1862 dicto
1592 1789 1677 1861 Iane
1701 1787 1746 1860 de
1768 1791 1997 1859 Dirszunznu

443 1907 599 1994 ‘suisque
631 1900 802 1990 legitimis
835 1899 1103 1972 successoribus
1131 1919 1195 1994 pro
1228 1898 1500 1991 quatuordecim
1532 1899 1664 1970 marcis
1698 1895 1857 1968 Polonici
1888 1913 1997 1987 paga·

458 2011 632 2086 mentitu
663 2011 799 2100 peratis
834 2009 1012 2100 temarijs,
1044 2005 1283 2098 quodraginta
1306 2009 1414 2095 (octo)
1439 2025 1584 2097 grossos
1614 2025 1678 2099 pro
1707 2024 1829 2076 marca
1853 2023 1996 2096 compu-

446 2116 572 2202 teudo,
600 2117 695 2188 iusto
727 2115 831 2188 titulo
854 2115 1076 2187 vendicionis
1109 2119 1146 2186 et
1177 2116 1374 2207 empcionis
1405 2113 1450 2186 do
1477 2114 1626 2207 speciali
1648 2113 1834 2186 voluntate
1857 2115 1894 2184 et
1917 2131 1997 2184 oon·

458 2246 564 2300 seusu
590 2223 743 2296 fratrum
772 2229 976 2296 nostrorum
1007 2224 1196 2314 tociusque
1225 2227 1425 2295 conuentus
1459 2223 1666 2312 monasterii
1704 2222 1818 2292 nostrl
1847 2219 1999 2312 predicti

459 2331 650 2406 laudensis
673 2329 901 2403 vendidimus
931 2333 1009 2403 iure
1032 2329 1232 2402 hereditare
1263 2330 1332 2402 sibi
1361 2335 1399 2402 et
1420 2333 1497 2402 suis
1526 2329 1699 2422 legitimis
1729 2327 1998 2400 successoribus

461 2442 552 2514 notis
575 2459 617 2512 ac
639 2437 831 2512 nascendis
853 2437 1083 2531 perhenniter
1110 2439 1188 2510 iure
1214 2437 1377 2511 Nouifori
1407 2437 1628 2524 collocatam,
1657 2439 1841 2531 perpetuis
1864 2440 2000 2530 tempo·
2155 2445 2156 2448 ‘

459 2548 555 2622 ribus
576 2545 779 2632 tenendam,
804 2545 1008 2619 habendam
1031 2550 1067 2619 et
1089 2544 1360 2633 vsulrueudam,
1389 2545 1459 2619 hoc
1481 2546 1690 2631 adicientes,
1722 2543 1819 2635 quod
1841 2541 1938 2616 ldem
1962 2546 2000 2616 in

461 2655 553 2727 dicta
574 2655 660 2726 ville
682 2675 748 2727 seu
770 2653 968 2728 hereditate
991 2659 1115 2727 nostru
1137 2654 1313 2727 fabricam
1336 2657 1521 2740 sutorium,
1545 2653 1770 2739 thabernem,
1798 2655 1999 2746 pistrinum,

460 2762 664 2850 maccolum,
689 2767 806 2835 ortum
830 2761 989 2834 medium
1012 2765 1115 2853 iuger
1139 2765 1336 2848 continens,
1360 2765 1581 2854 teretemque
1603 2765 1745 2856 partem
1760 2759 1999 2833 iudicatorum

461 2875 496 2942 et
517 2871 734 2942 communia.
750 2890 887 2964 pascua
919 2869 1109 2959 (hebetum
1144 2873 1299 2943 seruicia
1322 2870 1425 2943 uobis
1457 2890 1501 2943 ec
1522 2875 1645 2942 nostro
1674 2869 1892 2944 monasterio
1916 2889 2001 2940 cum

460 2997 527 3050 vno
549 2997 639 3069 equo
661 2980 774 3050 trium
797 2999 1000 3051 marearum
1031 2997 1239 3070 grossorum
1261 2977 1427 3076 latorum,
1461 2977 1603 3070 quaudo
1627 2997 1718 3070 opus
1742 2977 1861 3062 luerit,
1892 2975 2003 3049 leciet

463 3084 615 3158 lideliter
634 3085 739 3158 nobis
762 3086 1011 3170 ministrando,
1034 3091 1142 3179 prout
1165 3088 1274 3158 ceteri
1301 3085 1446 3158 sculteti
1476 3087 1553 3158 suis
1584 3083 1739 3158 dominis
1770 3083 1891 3157 iacere
1921 3102 2002 3155 con·

461 3197 668 3278 sueuemmt3
698 3192 814 3266 incole
842 3214 926 3265 vero
957 3192 1165 3267 hereditatis
1196 3192 1349 3280 ibidem,
1371 3193 1509 3266 dudum
1532 3196 1610 3266 iure
1640 3181 1862 3264 Teutonicali
1883 3191 2002 3276 locali,

461 3303 496 3372 et
517 3299 562 3372 de
583 3301 680 3392 agris
703 3303 886 3396 'possessis
917 3321 985 3374 seu
1014 3303 1119 3373 cultis
1143 3307 1181 3374 et
1204 3303 1390 3394 extirpatis
1420 3300 1553 3375 hebere
1575 3300 1709 3374 debent
1730 3299 1933 3374 libertatem
1956 3297 2004 3372 ed

462 3406 646 3481 duodecim
670 3429 798 3494 auuos;
830 3411 889 3502 aiij
914 3429 999 3482 vero
1023 3411 1316 3508 supervenientes
1341 3413 1377 3482 et
1400 3429 1506 3500 agros
1529 3429 1603 3481 nou
1626 3409 1787 3481 excultos
1809 3428 1877 3481 uec
1900 3409 2003 3480 extir-

464 3520 563 3608 patos
586 3519 804 3610 extirpentes
826 3516 1026 3589 libertatem
1058 3515 1191 3590 habero
1221 3515 1353 3589 debent
1383 3517 1430 3590 ud
1459 3515 1618 3589 sedecim
1649 3535 1763 3589 anuos
1786 3515 1891 3588 etde
1920 3535 2004 3607 quo·

463 3621 547 3695 libet
567 3643 691 3698 menso
714 3645 778 3696 sex
801 3644 988 3696 mensurus
1019 3625 1173 3715 siliginis
1205 3629 1241 3697 et
1272 3623 1424 3698 totidem
1457 3645 1571 3698 euene
1599 3643 1769 3696 mensure
1790 3621 2004 3715 Pysdreusis

465 3733 500 3802 ot
519 3751 582 3804 aex
602 3751 747 3824 grossos
770 3731 1054 3814 Bohemicaiium
1077 3733 1255 3805 usualium
1266 3735 1313 3822 (s)
1337 3735 1525 3806 annuatim
1547 3732 1715 3804 nobis'in
1737 3737 1859 3805 nostro
1883 3751 2005 3806 mona·

464 3841 567 3912 aterio
599 3842 639 3914 in
671 3840 765 3914 lesio
800 3843 916 3914 suncti
952 3841 1097 3913 Martini
1131 3833 1226 3914 dare
1255 3845 1292 3939 et
1330 3862 1375 3914 ex
1403 3842 1544 3932 integro
1574 3839 1716 3913 soluere
1743 3844 1781 3912 et
1809 3838 1857 3913 ed
1890 3831 2011 3913 nostrl

466 3949 664 4042 monasterii
690 3951 897 4040 granarium
918 3951 1074 4042 pmprijs
1096 3949 1272 4022 vehiculis
1295 3969 1362 4022 seu
1386 3949 1549 4022 curribus
1573 3947 1753 4022 adducere
1775 3948 2005 4022 tenebuntur.

465 4049 505 4124 ln
523 4053 614 4130 iusto
637 4061 759 4130 eutem
781 4056 919 4130 Pasehe
942 4061 1182 4130 communitas
1205 4057 1289 4129 ville
1312 4055 1358 4128 de
1381 4057 1541 4150 quolibet
1562 4075 1691 4129 menso
1713 4077 1824 4131 vuum
1848 4056 2006 4130 mediam

466 4179 676 4253 sexagenam
710 4184 861 4239 ouomm
889 4165 1029 4238 soluere
1058 4169 1263 4252 tenemium
1293 4165 1333 4238 iu
1361 4163 1457 4238 testo
1488 4165 1765 4257 Assumpcionls
1799 4165 1911 4238 Morte
1940 4185 2007 4260 per

467 4263 554 4342 duos
573 4271 690 4366 pullos
713 4272 852 4346 soluere
874 4273 1042 4345 similiter
1063 4275 1138 4346 sint
1168 4275 1315 4346 astricti.
1363 4271 1447 4344 'Pria
1474 4271 1610 4344 iudicia
1639 4273 1822 4363 generalia
1844 4291 1910 4366 per
1930 4277 2005 4347 tres
2100 4311 2102 4314 ·

467 4379 589 4466 motos,
613 4379 684 4453 duo
707 4379 832 4453 villani
861 4385 898 4453 et
926 4383 1079 4454 tercium
1109 4381 1253 4454 sculteti
1283 4377 1321 4454 e't
1351 4381 1467 4474 ipsius
1498 4380 1653 4471 legitimi
1674 4401 1903 4455 successores
1932 4383 2008 4454 siut

469 4479 609 4576 obligati
631 4487 679 4562 ed
705 4487 928 4590 soluendum.
973 4489 1125 4583 Insuper
1153 4489 1269 4562 incole
1299 4489 1490 4562 memorati
1519 4491 1575 4559 ter
1602 4490 1642 4562 in
1670 4507 1765 4562 auno
1795 4489 1899 4562 nobis
1930 4509 2006 4562 ara·

467 4583 554 4666 bunt
573 4595 637 4670 tuli
660 4595 776 4683 modo,
801 4594 896 4688 quod
917 4598 956 4668 ln
979 4599 1077 4669 omni
1100 4599 1265 4670 eraclone
1288 4595 1333 4669 de
1356 4595 1516 4687 quolibet
1538 4615 1666 4668 manso
1687 4617 1801 4670 vuum
1823 4599 2007 4688 integrum

469 4693 566 4788 loger
587 4703 748 4778 arabunt.
794 4703 885 4777 Item
909 4705 1139 4796 assignamus
1160 4703 1330 4798 predictis
1354 4702 1491 4790 incolis,
1516 4703 1613 4795 quod
1635 4703 1680 4777 de
1703 4704 1844 4778 duobus
1867 4707 2005 4778 mansis

470 4804 705 4886 unisonum
733 4813 839 4903 iuger
866 4813 904 4885 in
933 4813 1017 4885 leno
1053 4813 1256 4907 compleant
1284 4811 1457 4898 laborare,
1486 4817 1594 4906 pmut
1624 4816 1863 4886 communiter
1892 4813 2006 4900 decet,
2128 4797 2131 4806 ’

397 4989 402 5000 ,
470 4907 636 5008 luptatis
659 4941 742 4994 cum
772 4922 1021 4994 lnstmmentis
1044 4921 1205 5014 ipsorum
1228 4941 1313 4993 cum
1335 4919 1430 4994 laice
1453 4917 1666 4993 detruncare
1701 4925 1739 4994 et
1774 4923 1812 4994 iu
1850 4923 2007 5016 propriis

470 5017 637 5100 remoue
666 5049 734 5101 seu
763 5029 926 5102 curribus
954 5029 1086 5101 ducere
1120 5028 1251 5102 debent
1281 5025 1328 5100 ed
1358 5029 1536 5117 Goaclmtp
1569 5028 1628 5100 vel
1657 5030 1697 5102 in
1727 5029 1934 5120 ononatop,
1971 5035 2014 5106 eu

471 5136 539 5202 nou
552 5133 646 5222 alibi,
670 5140 707 5209 et
720 5135 897 5226 (lroclsub
911 5139 1076 5230 expensis
1092 5137 1383 5231 eorumproprijs
1396 5135 1479 5208 lieri
1493 5135 1610 5208 debet.
1635 5135 1774 5210 Demus
1798 5140 1914 5212 eclam
1935 5139 2007 5232 ple·

471 5245 552 5310 narn
573 5245 610 5315 et
630 5243 874 5318 omnimodam
896 5245 1107 5317 fucultatem
1122 5243 1327 5336 supradicto
1351 5243 1514 5328 sculteto,
1538 5243 1616 5316 suis
1633 5244 1826 5321 heredibus
1850 5252 1887 5322 et
1908 5247 2007 5320 here·

471 5335 554 5417 dum
583 5353 850 5426 successoribus
884 5353 1097 5447 prelibatum
1127 5353 1338 5426 scultecium
1360 5349 1526 5439 vendere,
1557 5359 1790 5441 commutare,
1819 5357 2005 5446 resignare

471 5451 506 5518 02
526 5451 571 5527 ad
592 5477 679 5532 vsus
701 5457 943 5553 beneplacitos
972 5481 1147 5548 exercere,
1181 5460 1379 5534 secuudum
1412 5460 1508 5552 quod
1537 5460 1606 5558 sibl
1636 5467 1675 5535 et
1703 5466 1781 5538 suls
1813 5463 2006 5538 heredibus

1809 5592 1952 5650 10‘
