4706 6356
198 540 204 548 ·
289 509 335 578 60

299 703 421 777 studia
450 707 658 790 exercuerit,
693 705 907 798 piscationis
938 725 1089 796 quoquo,
1124 707 1329 794 graminum
1358 725 1400 778 ae
1429 705 1607 794 lignorum
1637 707 1838 780 nostrorum

292 832 356 906 pro
380 814 596 885 necessitate
628 815 724 904 ignis
748 812 975 887 sulummodo
1006 813 1264 897 habendorum,
1292 811 1409 886 eidem
1434 812 1624 886 Serenitati
1644 817 1763 885 restra
1791 815 1839 888 sii

292 920 382 992 iiber
404 939 502 992 vaus.
549 920 590 992 In
622 923 725 994 amus
757 923 913 1012 gratuite
942 921 1182 994 concessionis
1205 923 1462 1005 testimonium,
1494 920 1654 1011 sigillum
1675 923 1839 996 nostrum

295 1028 522 1120 presentibus
551 1033 608 1100 esi
631 1047 840 1122 appensum.
888 1029 1023 1102 Datum
1052 1031 1091 1101 in
1121 1028 1234 1101 fluuio
1265 1029 1360 1100 dicto
1391 1029 1512 1118 Wyslc
1541 1047 1651 1122 prope
1679 1029 1839 1103 castrum

297 1137 470 1222 Romans,
518 1135 831 1210 Wladislauiensis
873 1136 1047 1228 dyocesis,
1086 1135 1178 1209 feria
1221 1138 1346 1226 quinta
1383 1137 1545 1228 proxima
1587 1139 1670 1209 anie
1705 1135 1840 1211 festum

293 1246 425 1316 sancte
448 1243 645 1331 trinitatis,
670 1265 763 1318 anno
785 1245 931 1318 Domini
955 1244 1144 1318 millesimo
1168 1243 1519 1336 quadringentesimo
1542 1245 1678 1350 quarto.

458 1455 539 1516 Toka
565 1455 780 1516 Namsrswicaa
808 1459 844 1518 10
861 1459 906 1536 N.¹
920 1460 964 1528 iB,
982 1477 998 1515 s
1015 1457 1166 1532 orygiunlu
1183 1456 1420 1533 praechowanego
1444 1457 1549 1533 niegdy
1567 1476 1593 1517 ιι
1611 1455 1774 1544 milvum
1790 1457 1841 1518 ko·

295 1563 424 1618 rounam,
444 1563 465 1606 ιι
483 1546 602 1622 llorere
611 1547 749 1625 napcekn
766 1549 1005 1626 pergamicowym
1019 1546 1277 1624 obidenadpsutc
1293 1547 1403 1624 piserec'
1412 1547 1561 1624 rrielkiego
1574 1549 1690 1608 mictu
1697 1547 1841 1610 licenda.

302 2003 356 2072 58.
405 2002 504 2072 1404.
528 1997 665 2072 dieii.
689 1951 1110 2086 momentanearum.
1242 1981 1246 1988 ’
1319 1971 1323 1979 ’
1464 1949 1474 1986 ³
1577 1971 1581 1978 ⁵

462 2217 640 2290 Henricus
664 2214 867 2302 cardinalis,
896 2238 925 2288 s.
949 2215 1131 2288 Romanae
1164 2215 1336 2288 ecclesiae
1359 2215 1593 2288 cardinalium
1618 2216 1844 2302 camerarius,

302 2321 489 2397 Nicolaum
514 2324 823 2418 archiepiscopum
847 2323 1094 2399 Gnesnensem
1115 2323 1181 2394 ΧΗ
1204 2323 1350 2396 florenis
1372 2321 1442 2396 XV
1465 2322 1588 2397 solidis
1612 2326 1649 2397 et
1669 2323 1717 2396 VI
1739 2322 1844 2397 dena·

298 2435 361 2505 riis
384 2433 543 2506 solutum
565 2433 664 2505 facit
1330 2439 1333 2446 '

310 2631 314 2638 ¹
389 2655 392 2660 '
462 2647 638 2720 ilenricus
672 2649 903 2754 miseratione
935 2645 1059 2718 diuina
1081 2646 1177 2718 tituli
1207 2651 1332 2718 sancte
1353 2647 1546 2720 Anastasis
1568 2646 1750 2740 'presbiter
1771 2667 1845 2720 car·

298 2754 439 2840 dinalis,
474 2757 569 2828 sacri
600 2754 740 2847 collegii
776 2751 1158 2827 reuerendissimorum
1189 2755 1228 2826 in
1263 2754 1404 2827 Christo
1427 2760 1581 2848 patrum,
1621 2753 1844 2826 dominorum

299 2869 424 2936 sancte
447 2863 607 2936 Romane
631 2863 781 2934 ecclesie
805 2861 1292 2947 cardinaliumcamerarius,
1315 2863 1495 2935 vniuersis
1519 2866 1556 2934 et
1578 2862 1740 2954 sirrgulla
1768 2881 1844 2956 pre
1900 2934 1910 2952 ‚

300 2974 421 3044 sentes
451 2971 574 3042 litera's
606 2972 834 3063 inspecturis,
871 2969 1026 3042 salutem
1048 2971 1087 3041 in
1109 2969 1273 3042 Domino.
1320 2969 1556 3042 Vniuersitati
1577 2975 1697 3042 besue
1719 2973 1846 3042 notum
1994 2981 1997 2989 ’

298 3077 453 3151 facimus
477 3098 541 3172 per
563 3081 760 3172 presentes
780 3076 876 3169 quod
897 3075 1116 3149 reuerendus
1140 3079 1179 3148 in
1192 3075 1332 3149 Christo
1351 3081 1462 3170 pater,
1487 3076 1653 3150 dominus
1675 3076 1843 3150 Nicoleus
1968 3137 1970 3142 .

299 3186 369 3259 Dei
391 3189 515 3277 gracia
537 3177 784 3279 episcopusis)
809 3184 1040 3272 Gneznensis,
1075 3205 1139 3278 pro
1171 3184 1430 3278 complemento
1466 3188 1503 3257 et
1533 3185 1636 3258 finali
1669 3185 1844 3259 solutione

302 3297 361 3368 sui
393 3297 595 3366 communis
624 3295 780 3385 seruicii,
811 3295 849 3366 in
880 3312 950 3384 quo
981 3312 1121 3364 camere
1149 3293 1287 3386 collegi]
1323 3292 1500 3366 dictorum
1523 3292 1748 3367 dominorum
1770 3313 1845 3366 car·

181 3481 185 3487 ,
303 3401 477 3474 dinalium
501 3401 569 3474 sub
593 3404 700 3474 certis
730 3403 832 3505 penis
866 3405 903 3472 et
936 3403 1126 3493 sententiis
1161 3403 1298 3474 radone
1321 3399 1416 3473 dicte
1448 3420 1513 3482 sue
1545 3401 1695 3474 ecclesie
1729 3403 1845 3474 extitit

300 3510 498 3582 efficaciter
520 3509 710 3600 obligabis,
740 3529 853 3582 vnum
866 3509 1055 3581 ‘florenum
1085 3511 1163 3581 auri
1196 3508 1240 3581 de
1270 3507 1429 3595 Camere,
1460 3507 1592 3582 solidos
1624 3507 1748 3582 decem
1772 3529 1844 3582 mo·

304 3622 387 3690 nete
409 3618 569 3691 Romane
598 3617 701 3690 nobis
726 3671 870 3688 .....
901 3637 965 3709 pro
988 3617 1089 3709 totaij
1115 3616 1291 3689 solutione
1313 3620 1420 3688 vnius
1443 3619 1502 3690 sui
1525 3621 1562 3690 et
1583 3619 1713 3690 minuti
1734 3618 1844 3690 senri-

301 3724 480 3816 indebiti
515 3726 677 3798 consueti
711 3745 776 3818 pro
810 3724 1048 3798 familiaribus
1083 3728 1121 3796 et
1153 3724 1370 3797 officialibus
1405 3724 1493 3798 dicti
1522 3725 1673 3818 collegii,
1705 3729 1745 3798 in
1774 3746 1844 3818 quo
1907 3726 1915 3740 ‘

299 3833 464 3905 similiter
486 3835 603 3905 extitit
626 3833 816 3924 obligatus
844 3831 1012 3904 vndecim
1035 3833 1171 3904 similes
1202 3833 1368 3918 florenos,
1392 3832 1525 3905 solidos
1547 3836 1705 3925 quinque
1727 3837 1765 3905 et
1787 3832 1844 3905 de

300 3944 420 4014 narios
453 3961 516 4012 sex
550 3945 693 4014 monete
728 3939 887 4032 predicte
920 3961 986 4032 per
1019 3960 1148 4014 manus
1172 3940 1317 4012 discreti
1339 3943 1417 4027 viri,
1453 3940 1588 4013 domini
1610 3941 1776 4014 Iohannis
1799 3939 1845 4012 da

305 4053 468 4133 Velatbm,
508 4050 670 4121 canonici
705 4047 958 4134 banderensis,
995 4047 1053 4121 die
1087 4047 1170 4120 date
1204 4051 1432 4141 presencium
1466 4049 1558 4122 solui
1589 4050 1676 4122 fecit
1702 4049 1845 4123 realiter

301 4178 384 4230 cum
409 4157 553 4229 effectu.
601 4157 656 4228 De
679 4157 809 4248 quibus
841 4159 894 4228 sic
924 4156 1018 4228 datis
1050 4161 1085 4228 et
1120 4156 1247 4228 solutis
1278 4157 1411 4229 dictum
1443 4156 1628 4230 dominum
1657 4157 1844 4230 Nicolaum

302 4269 509 4357 episcopum
534 4265 683 4354 eiusque
706 4263 855 4336 heredes
880 4270 917 4336 et
939 4283 1165 4338 successores
1190 4269 1226 4336 ei
1249 4263 1381 4336 dictam
1413 4285 1518 4337 suam
1542 4266 1731 4338 ecclesiam
1754 4265 1843 4339 Gne·

298 4393 469 4446 anensem
492 4377 615 4444 tenore
638 4376 860 4465 presentium
890 4375 1083 4464 quibamus,
1115 4373 1335 4446 absoluimus
1360 4377 1396 4444 et
1418 4373 1623 4458 liberamus,
1653 4375 1844 4466 ipsumque

299 4482 344 4553 ab
377 4483 756 4553 excommunicationis
786 4483 975 4566 sententia,
1007 4501 1117 4572 quarn
1146 4482 1296 4552 incurrit
1323 4485 1469 4573 propter
1497 4501 1633 4553 moram
1657 4483 1842 4555 solutionis
1889 4523 1892 4529 -

299 4589 477 4662 dictorum
501 4590 702 4660 communis
727 4593 763 4660 et
785 4591 915 4660 minuti
944 4592 1172 4661 seruitiorum
1195 4609 1267 4662 non
1291 4590 1386 4661 facte
1409 4591 1561 4661 termino
1591 4593 1784 4663 constituto
1808 4593 1844 4662 et

299 4702 448 4770 arcatu
470 4697 615 4790 periurii
649 4715 692 4766 ac
722 4698 803 4788 aiijs
832 4700 935 4788 penis
966 4702 1002 4768 et
1025 4699 1243 4787 sentenciis,
1267 4717 1356 4788 quas
1380 4703 1567 4791 propterea
1600 4700 1759 4784 incurrit,
1794 4703 1844 4770 te·

297 4826 385 4879 nore
409 4806 631 4899 presentium
662 4803 883 4876 absoluimus
908 4809 944 4876 et
966 4803 1150 4876 reddimus
1180 4803 1393 4890 absolutum,
1424 4825 1549 4877 secum
1572 4825 1681 4899 super
1708 4808 1844 4896 irregu-

260 4953 265 4960 ·
296 4915 451 4998 laritaic,
486 4915 518 4984 si
553 4932 663 5002 quam
696 4915 885 5004 propterea
919 4915 1068 4984 incmrit
1105 4933 1145 4984 se
1180 4913 1312 4984 diuinis
1343 4913 1476 5005 officijs
1510 4913 1743 4986 immiscendo
1771 4934 1843 4986 non

298 5025 422 5093 temen
453 5024 492 5092 in
527 5024 783 5112 contemptum,
808 5021 964 5093 clauium
998 5020 1274 5093 misericorditer
1306 5019 1565 5113 dispensantes.
1617 5023 1658 5094 in
1692 5043 1843 5114 quorum

301 5239 520 5330 appensione
553 5236 695 5308 muniri.
743 5235 877 5307 Datum
912 5238 1023 5308 Rome
1054 5236 1151 5331 apud
1180 5243 1346 5309 sanctum
1381 5237 1525 5309 Petrum
1556 5238 1624 5310 sub
1658 5259 1750 5311 anno
1774 5239 1843 5312 Do·
1934 5268 1935 5273 ¹

299 5347 388 5416 mini
414 5345 602 5417 millesimo
623 5343 974 5452 quadringentesimo
991 5351 1127 5437 quarto,
1151 5346 1345 5418 indictione
1362 5345 1438 5430 XII,
1463 5346 1520 5416 die
1543 5349 1843 5436 vigesimatertia

302 5455 440 5526 mensis
473 5453 568 5545 Maii,
602 5452 835 5547 pontificatus
871 5457 1091 5528 sanctissimi
1126 5457 1164 5527 in
1199 5453 1312 5527 Crislo
1346 5456 1458 5547 patris
1493 5459 1530 5526 ei
1553 5455 1697 5542 domini,
1731 5455 1843 5528 nostri

2025 703 2161 777 domini
2183 695 2339 772 Bonilct'

2019 812 2064 888 iti
2087 813 2125 882 cl
2146 827 2258 902 grass.
2282 804 2338 878 111.

2184 1019 2335 1080 Dokurnen

2023 1125 2176 1197 opums
2189 1110 2239 1188 bri
2256 1107 2342 1184 leina

2030 1518 2084 1590 bii.
2120 1514 2230 1584 aiot.
2255 1505 2313 1578 die

2194 1696 2347 1797 witao

2033 1834 2231 1912 bandensis
2264 1829 2335 1902 lit·

2035 1963 2115 2018 esse
2137 1940 2246 2015 iubet
2336 1941 2338 1944 ’

2082 2180 2084 2184 ’
2143 2165 2145 2172 ’
2199 2153 2334 2228 ReAct

2039 2267 2181 2343 Domini
2205 2259 2257 2336 Ml
2287 2265 2353 2322 02¹

2043 2377 2139 2450 mino
2163 2371 2352 2446 Albertce

2041 2485 2198 2574 Liganra
2218 2475 2350 2549 Lancic

2045 2593 2181 2664 Ocirosc
2211 2580 2330 2658 Sandc

2046 2699 2197 2791 alijsque
2219 2691 2350 2766 nostris

2048 2798 2328 2890 vicecancellarii

2210 3015 2234 3076 Ζ
2252 3013 2331 3073 kolo
2345 3042 2353 3060 .*

2055 3423 2110 3494 co.
2180 3409 2353 3535 crocu

2219 3627 2323 3720 Capit

2004 3801 2005 3806 ι
2059 3721 2208 3818 &traina
2232 3755 2318 3809 cons

2114 4007 2120 4018 ,
2219 3935 2260 4006 In
2282 3950 2353 4004 no

2059 4054 2169 4142 petua
2191 4041 2336 4130 indigen

2061 4157 2218 4236 testium,
2242 4166 2349 4238 nequ

2063 4263 2198 4337 niensis
2221 4259 2348 4328 uniuer

2060 4376 2101 4444 in
2129 4357 2302 4447 futurum,
2342 4394 2349 4425 ·

2065 4479 2213 4551 ecclesie
2239 4467 2353 4566 predi

2066 4591 2187 4660 nostra
2216 4583 2328 4654 scaras

2067 4695 2182 4768 natori
2205 4691 2250 4762 de
2273 4690 2353 4761 Gir

2068 4799 2277 4874 hereditatis
2308 4796 2351 4868 St

2071 4908 2226 4982 candum
2261 4907 2298 4975 ct
2331 4921 2351 4972 c

2069 5017 2239 5108 legitimis
2262 5011 2320 5085 ide

2071 5130 2172 5218 prato
2211 5120 2328 5194 eidem

2071 5231 2246 5314 habenda,
2278 5247 2353 5320 pos

2074 5338 2246 5434 mutanda
2268 5339 2348 5406 eta

2076 5446 2170 5540 quod
2194 5443 2311 5540 preiet
