<?xml version="1.0" encoding="UTF-8"?>
<!DOCTYPE html PUBLIC "-//W3C//DTD XHTML 1.0 Transitional//EN"
    "http://www.w3.org/TR/xhtml1/DTD/xhtml1-transitional.dtd">
<html xmlns="http://www.w3.org/1999/xhtml" xml:lang="en" lang="en">
 <head>
  <title>
</title>
<meta http-equiv="Content-Type" content="text/html;charset=utf-8" />
  <meta name='ocr-system' content='tesseract 3.04.00' />
  <meta name='ocr-capabilities' content='ocr_page ocr_carea ocr_par ocr_line ocrx_word'/>
</head>
<body>
  <div class='ocr_page' id='page_1' title='image "./codexdiplomatic06zakrgoog_0210.png"; bbox 0 0 4706 6356; ppageno 0'>
   <div class='ocr_carea' id='block_1_1' title="bbox 1797 427 1968 540">
    <p class='ocr_par' dir='ltr' id='par_1_1' title="bbox 1797 427 1968 540">
     <span class='ocr_line' id='line_1_1' title="bbox 1797 427 1968 540; baseline 0.035 -31"><span class='ocrx_word' id='word_1_1' title='bbox 1797 427 1968 540; x_wconf 24' lang='lat' dir='ltr'><strong>,a</strong></span> 
     </span>
    </p>
   </div>
   <div class='ocr_carea' id='block_1_2' title="bbox 294 639 1974 2300">
    <p class='ocr_par' dir='ltr' id='par_1_2' title="bbox 294 639 1974 1716">
     <span class='ocr_line' id='line_1_2' title="bbox 386 639 1931 744; baseline -0.014 -15"><span class='ocrx_word' id='word_1_2' title='bbox 386 674 467 732; x_wconf 88' lang='lat' dir='ltr'><strong>oum</strong></span> <span class='ocrx_word' id='word_1_3' title='bbox 490 649 680 744; x_wconf 82' lang='lat' dir='ltr'>piscaturis</span> <span class='ocrx_word' id='word_1_4' title='bbox 705 653 741 722; x_wconf 93' lang='lat' dir='ltr'><strong>et</strong></span> <span class='ocrx_word' id='word_1_5' title='bbox 762 649 941 721; x_wconf 87' lang='lat' dir='ltr'><strong>vniuorsis</strong></span> <span class='ocrx_word' id='word_1_6' title='bbox 965 643 1178 718; x_wconf 84' lang='lat' dir='ltr'><strong>vtilitatibus</strong></span> <span class='ocrx_word' id='word_1_7' title='bbox 1202 643 1499 716; x_wconf 85' lang='lat' dir='ltr'><strong>ad.vsuseon1m</strong></span> <span class='ocrx_word' id='word_1_8' title='bbox 1518 639 1762 740; x_wconf 89' lang='lat' dir='ltr'><strong>beneplacitos</strong></span> <span class='ocrx_word' id='word_1_9' title='bbox 1785 655 1931 709; x_wconf 89' lang='lat' dir='ltr'><strong>conuer-</strong></span> 
     </span>
     <span class='ocr_line' id='line_1_3' title="bbox 294 746 1931 849; baseline -0.014 -12"><span class='ocrx_word' id='word_1_10' title='bbox 294 790 300 798; x_wconf 93' lang='lat'>·</span> <span class='ocrx_word' id='word_1_11' title='bbox 385 760 544 840; x_wconf 83' lang='lat' dir='ltr'><strong>tendum.</strong></span> <span class='ocrx_word' id='word_1_12' title='bbox 590 760 725 830; x_wconf 87' lang='lat' dir='ltr'><strong>Harum</strong></span> <span class='ocrx_word' id='word_1_13' title='bbox 764 757 894 849; x_wconf 92' lang='lat' dir='ltr'><strong>quibus</strong></span> <span class='ocrx_word' id='word_1_14' title='bbox 933 755 1091 846; x_wconf 85' lang='lat' dir='ltr'><strong>sigillum</strong></span> <span class='ocrx_word' id='word_1_15' title='bbox 1128 748 1327 824; x_wconf 80' lang='lat' dir='ltr'><strong>maiestatis</strong></span> <span class='ocrx_word' id='word_1_16' title='bbox 1358 757 1478 822; x_wconf 87' lang='lat' dir='ltr'><strong>nostre</strong></span> <span class='ocrx_word' id='word_1_17' title='bbox 1511 765 1710 842; x_wconf 82' lang='lat' dir='ltr'><strong>appensum</strong></span> <span class='ocrx_word' id='word_1_18' title='bbox 1745 750 1802 818; x_wconf 89' lang='lat' dir='ltr'><strong>cst</strong></span> <span class='ocrx_word' id='word_1_19' title='bbox 1833 746 1931 816; x_wconf 88' lang='lat' dir='ltr'><strong>testi·</strong></span> 
     </span>
     <span class='ocr_line' id='line_1_4' title="bbox 302 855 1932 948; baseline -0.016 1"><span class='ocrx_word' id='word_1_20' title='bbox 302 863 305 868; x_wconf 40' lang='grc'>“</span> <span class='ocrx_word' id='word_1_21' title='bbox 386 871 505 948; x_wconf 88' lang='lat' dir='ltr'><strong>monio</strong></span> <span class='ocrx_word' id='word_1_22' title='bbox 528 868 721 940; x_wconf 82' lang='lat' dir='ltr'><strong>literamm.</strong></span> <span class='ocrx_word' id='word_1_23' title='bbox 758 865 892 938; x_wconf 87' lang='lat' dir='ltr'><strong>Datum</strong></span> <span class='ocrx_word' id='word_1_24' title='bbox 916 864 1085 936; x_wconf 89' lang='lat' dir='ltr'><strong>Cracoute</strong></span> <span class='ocrx_word' id='word_1_25' title='bbox 1109 861 1166 933; x_wconf 89' lang='lat' dir='ltr'><strong>die</strong></span> <span class='ocrx_word' id='word_1_26' title='bbox 1190 860 1367 932; x_wconf 90' lang='lat' dir='ltr'><strong>dominico</strong></span> <span class='ocrx_word' id='word_1_27' title='bbox 1392 859 1632 930; x_wconf 85' lang='lat' dir='ltr'><strong>Reminiscere</strong></span> <span class='ocrx_word' id='word_1_28' title='bbox 1655 855 1932 927; x_wconf 87' lang='lat' dir='ltr'><strong>miseracionum</strong></span> 
     </span>
     <span class='ocr_line' id='line_1_5' title="bbox 386 956 1930 1059; baseline -0.013 -9"><span class='ocrx_word' id='word_1_29' title='bbox 386 981 529 1054; x_wconf 84' lang='lat' dir='ltr'><strong>tuarum</strong></span> <span class='ocrx_word' id='word_1_30' title='bbox 552 981 618 1046; x_wconf 88' lang='lat' dir='ltr'><strong>etc.</strong></span> <span class='ocrx_word' id='word_1_31' title='bbox 650 993 744 1046; x_wconf 90' lang='lat' dir='ltr'><strong>anno</strong></span> <span class='ocrx_word' id='word_1_32' title='bbox 767 973 912 1045; x_wconf 87' lang='lat' dir='ltr'><strong>Domini</strong></span> <span class='ocrx_word' id='word_1_33' title='bbox 936 972 1124 1042; x_wconf 86' lang='lat' dir='ltr'><strong>millesimo</strong></span> <span class='ocrx_word' id='word_1_34' title='bbox 1151 956 1505 1059; x_wconf 75' lang='lat' dir='ltr'><strong>quadringentesimo</strong></span> <span class='ocrx_word' id='word_1_35' title='bbox 1534 966 1653 1036; x_wconf 79' lang='lat' dir='ltr'><strong>tercio.</strong></span> <span class='ocrx_word' id='word_1_36' title='bbox 1701 961 1930 1034; x_wconf 85' lang='lat' dir='ltr'><strong>Prosentibus</strong></span> 
     </span>
     <span class='ocr_line' id='line_1_6' title="bbox 297 1069 1934 1160; baseline -0.012 -2"><span class='ocrx_word' id='word_1_37' title='bbox 297 1153 301 1158; x_wconf 87' lang='lat'><em>.</em></span> <span class='ocrx_word' id='word_1_38' title='bbox 387 1085 542 1160; x_wconf 78' lang='lat' dir='ltr'><strong>strenuis</strong></span> <span class='ocrx_word' id='word_1_39' title='bbox 577 1082 766 1154; x_wconf 78' lang='lat' dir='ltr'><strong>militibus:</strong></span> <span class='ocrx_word' id='word_1_40' title='bbox 802 1081 957 1152; x_wconf 90' lang='lat' dir='ltr'><strong>iohanne</strong></span> <span class='ocrx_word' id='word_1_41' title='bbox 990 1079 1035 1149; x_wconf 87' lang='lat' dir='ltr'><strong>de</strong></span> <span class='ocrx_word' id='word_1_42' title='bbox 1076 1081 1234 1148; x_wconf 64' lang='lat' dir='ltr'><strong>Panemo</strong></span> <span class='ocrx_word' id='word_1_43' title='bbox 1272 1075 1478 1159; x_wconf 86' lang='lat' dir='ltr'><strong>castellano,</strong></span> <span class='ocrx_word' id='word_1_44' title='bbox 1513 1072 1670 1145; x_wconf 89' lang='lat' dir='ltr'><strong>Iohanne</strong></span> <span class='ocrx_word' id='word_1_45' title='bbox 1703 1069 1748 1142; x_wconf 87' lang='lat' dir='ltr'><strong>do</strong></span> <span class='ocrx_word' id='word_1_46' title='bbox 1781 1071 1934 1140; x_wconf 79' lang='lat' dir='ltr'><strong>Tornow</strong></span> 
     </span>
     <span class='ocr_line' id='line_1_7' title="bbox 388 1175 1935 1288; baseline -0.012 -23"><span class='ocrx_word' id='word_1_47' title='bbox 388 1193 545 1288; x_wconf 85' lang='lat' dir='ltr'><strong>palatino</strong></span> <span class='ocrx_word' id='word_1_48' title='bbox 569 1189 875 1274; x_wconf 86' lang='lat' dir='ltr'><strong>Cracouiansibus,</strong></span> <span class='ocrx_word' id='word_1_49' title='bbox 901 1187 1003 1258; x_wconf 90' lang='lat' dir='ltr'><strong>Petro</strong></span> <span class='ocrx_word' id='word_1_50' title='bbox 1027 1185 1182 1276; x_wconf 77' lang='lat' dir='ltr'><strong>Kmythe</strong></span> <span class='ocrx_word' id='word_1_51' title='bbox 1206 1183 1374 1276; x_wconf 88' lang='lat' dir='ltr'><strong>palatino,</strong></span> <span class='ocrx_word' id='word_1_52' title='bbox 1399 1182 1552 1254; x_wconf 84' lang='lat' dir='ltr'><strong>Cristino</strong></span> <span class='ocrx_word' id='word_1_53' title='bbox 1574 1180 1618 1250; x_wconf 90' lang='lat' dir='ltr'><strong>de</strong></span> <span class='ocrx_word' id='word_1_54' title='bbox 1642 1180 1778 1252; x_wconf 85' lang='lat' dir='ltr'><strong>Ostrow</strong></span> <span class='ocrx_word' id='word_1_55' title='bbox 1801 1175 1935 1248; x_wconf 86' lang='lat' dir='ltr'><strong>Saudo·</strong></span> 
     </span>
     <span class='ocr_line' id='line_1_8' title="bbox 388 1285 1935 1384; baseline -0.013 -10"><span class='ocrx_word' id='word_1_56' title='bbox 388 1301 525 1376; x_wconf 87' lang='lat' dir='ltr'><strong>mirien.</strong></span> <span class='ocrx_word' id='word_1_57' title='bbox 550 1298 753 1381; x_wconf 87' lang='lat' dir='ltr'><strong>castellano,</strong></span> <span class='ocrx_word' id='word_1_58' title='bbox 778 1295 935 1384; x_wconf 80' lang='lat' dir='ltr'><strong>Zegotho</strong></span> <span class='ocrx_word' id='word_1_59' title='bbox 958 1294 1003 1366; x_wconf 91' lang='lat' dir='ltr'><strong>de</strong></span> <span class='ocrx_word' id='word_1_60' title='bbox 1026 1297 1167 1383; x_wconf 76' lang='lat' dir='ltr'><strong>Ppsnrp</strong></span> <span class='ocrx_word' id='word_1_61' title='bbox 1191 1293 1418 1363; x_wconf 87' lang='lat' dir='ltr'><strong>Cracouicnsi</strong></span> <span class='ocrx_word' id='word_1_62' title='bbox 1436 1296 1473 1361; x_wconf 89' lang='lat' dir='ltr'><strong>et</strong></span> <span class='ocrx_word' id='word_1_63' title='bbox 1488 1287 1725 1376; x_wconf 84' lang='lat' dir='ltr'><strong>Sandziuogio</strong></span> <span class='ocrx_word' id='word_1_64' title='bbox 1749 1285 1793 1356; x_wconf 92' lang='lat' dir='ltr'><strong>de</strong></span> <span class='ocrx_word' id='word_1_65' title='bbox 1816 1285 1935 1355; x_wconf 88' lang='lat' dir='ltr'><strong>Ostro-</strong></span> 
     </span>
     <span class='ocr_line' id='line_1_9' title="bbox 387 1391 1974 1497; baseline -0.011 -15"><span class='ocrx_word' id='word_1_66' title='bbox 387 1429 452 1497; x_wconf 64' lang='grc' dir='ltr'><strong>φορ</strong></span> <span class='ocrx_word' id='word_1_67' title='bbox 474 1405 707 1476; x_wconf 86' lang='lat' dir='ltr'><strong>Poananiensi</strong></span> <span class='ocrx_word' id='word_1_68' title='bbox 729 1404 948 1487; x_wconf 77' lang='lat' dir='ltr'><strong>vexilliferis,</strong></span> <span class='ocrx_word' id='word_1_69' title='bbox 979 1409 1016 1473; x_wconf 89' lang='lat' dir='ltr'><strong>et</strong></span> <span class='ocrx_word' id='word_1_70' title='bbox 1043 1401 1276 1492; x_wconf 80' lang='lat' dir='ltr'><strong>quammultis</strong></span> <span class='ocrx_word' id='word_1_71' title='bbox 1309 1399 1390 1490; x_wconf 89' lang='lat' dir='ltr'><strong>alijs</strong></span> <span class='ocrx_word' id='word_1_72' title='bbox 1421 1399 1553 1470; x_wconf 85' lang='lat' dir='ltr'><strong>nostris</strong></span> <span class='ocrx_word' id='word_1_73' title='bbox 1583 1394 1753 1466; x_wconf 77' lang='lat' dir='ltr'><strong>fidelibus</strong></span> <span class='ocrx_word' id='word_1_74' title='bbox 1784 1391 1934 1465; x_wconf 78' lang='lat' dir='ltr'><strong>dilectis</strong></span> <span class='ocrx_word' id='word_1_75' title='bbox 1970 1436 1974 1444; x_wconf 92' lang='lat'><strong>·</strong></span> 
     </span>
     <span class='ocr_line' id='line_1_10' title="bbox 389 1500 1937 1605; baseline -0.012 -17"><span class='ocrx_word' id='word_1_76' title='bbox 389 1517 522 1588; x_wconf 91' lang='lat' dir='ltr'><strong>Datum</strong></span> <span class='ocrx_word' id='word_1_77' title='bbox 545 1533 609 1605; x_wconf 92' lang='lat' dir='ltr'><strong>per</strong></span> <span class='ocrx_word' id='word_1_78' title='bbox 632 1533 761 1584; x_wconf 88' lang='lat' dir='ltr'><strong>monus</strong></span> <span class='ocrx_word' id='word_1_79' title='bbox 794 1511 1083 1582; x_wconf 88' lang='lat' dir='ltr'><strong>reuerendissimi</strong></span> <span class='ocrx_word' id='word_1_80' title='bbox 1098 1545 1100 1550; x_wconf 96' lang='lat'>·</span> <span class='ocrx_word' id='word_1_81' title='bbox 1113 1511 1151 1580; x_wconf 92' lang='lat' dir='ltr'><strong>ln</strong></span> <span class='ocrx_word' id='word_1_82' title='bbox 1179 1508 1319 1580; x_wconf 85' lang='lat' dir='ltr'><strong>Christo</strong></span> <span class='ocrx_word' id='word_1_83' title='bbox 1351 1509 1474 1599; x_wconf 85' lang='lat' dir='ltr'><strong>patris,</strong></span> <span class='ocrx_word' id='word_1_84' title='bbox 1505 1504 1640 1578; x_wconf 90' lang='lat' dir='ltr'><strong>domini</strong></span> <span class='ocrx_word' id='word_1_85' title='bbox 1664 1501 1799 1573; x_wconf 85' lang='lat' dir='ltr'><strong>Nicolai</strong></span> <span class='ocrx_word' id='word_1_86' title='bbox 1824 1500 1937 1574; x_wconf 90' lang='lat' dir='ltr'><strong>archi·</strong></span> 
     </span>
     <span class='ocr_line' id='line_1_11' title="bbox 390 1615 1897 1716; baseline -0.011 -21"><span class='ocrx_word' id='word_1_87' title='bbox 390 1622 546 1716; x_wconf 90' lang='lat' dir='ltr'><strong>episcopi</strong></span> <span class='ocrx_word' id='word_1_88' title='bbox 570 1620 790 1695; x_wconf 85' lang='lat' dir='ltr'><strong>Gneznensis</strong></span> <span class='ocrx_word' id='word_1_89' title='bbox 813 1619 916 1690; x_wconf 89' lang='lat' dir='ltr'><strong>nobis</strong></span> <span class='ocrx_word' id='word_1_90' title='bbox 940 1621 1077 1688; x_wconf 90' lang='lat' dir='ltr'><strong>sincere</strong></span> <span class='ocrx_word' id='word_1_91' title='bbox 1101 1615 1234 1707; x_wconf 75' lang='lat' dir='ltr'><strong>dilecti.</strong></span> <span class='ocrx_word' id='word_1_92' title='bbox 1894 1639 1897 1648; x_wconf 90' lang='lat'>·</span> 
     </span>
    </p>

    <p class='ocr_par' dir='ltr' id='par_1_3' title="bbox 335 1720 1940 2300">
     <span class='ocr_line' id='line_1_12' title="bbox 516 1720 1655 1813; baseline -0.009 -13"><span class='ocrx_word' id='word_1_93' title='bbox 516 1733 519 1740; x_wconf 83' lang='grc'><strong>’</strong></span> <span class='ocrx_word' id='word_1_94' title='bbox 550 1727 608 1800; x_wconf 84' lang='lat' dir='ltr'><strong>Ad</strong></span> <span class='ocrx_word' id='word_1_95' title='bbox 630 1726 845 1799; x_wconf 79' lang='lat' dir='ltr'><strong>relacionem</strong></span> <span class='ocrx_word' id='word_1_96' title='bbox 868 1725 1005 1797; x_wconf 92' lang='lat' dir='ltr'><strong>Nicolai</strong></span> <span class='ocrx_word' id='word_1_97' title='bbox 1030 1723 1110 1797; x_wconf 90' lang='lat' dir='ltr'><strong>aule</strong></span> <span class='ocrx_word' id='word_1_98' title='bbox 1133 1722 1265 1813; x_wconf 87' lang='lat' dir='ltr'><strong>regalis</strong></span> <span class='ocrx_word' id='word_1_99' title='bbox 1288 1720 1584 1812; x_wconf 70' lang='lat' dir='ltr'><strong>vicecancellarii.</strong></span> <span class='ocrx_word' id='word_1_100' title='bbox 1608 1766 1655 1780; x_wconf 91' lang='grc'><strong>-</strong></span> 
     </span>
     <span class='ocr_line' id='line_1_13' title="bbox 346 1824 1827 1927; baseline -0.003 -23"><span class='ocrx_word' id='word_1_101' title='bbox 346 1895 351 1904; x_wconf 92' lang='grc'>.</span> <span class='ocrx_word' id='word_1_102' title='bbox 497 1893 502 1900; x_wconf 94' lang='grc'>.</span> <span class='ocrx_word' id='word_1_103' title='bbox 550 1834 718 1908; x_wconf 78' lang='lat' dir='ltr'><strong>Albricus</strong></span> <span class='ocrx_word' id='word_1_104' title='bbox 741 1835 943 1927; x_wconf 80' lang='lat' dir='ltr'><strong>prepositus</strong></span> <span class='ocrx_word' id='word_1_105' title='bbox 967 1833 1239 1924; x_wconf 79' lang='lat' dir='ltr'><strong>Vneyouiensis.</strong></span> <span class='ocrx_word' id='word_1_106' title='bbox 1743 1845 1745 1852; x_wconf 58' lang='lat'><strong>⁴</strong></span> <span class='ocrx_word' id='word_1_107' title='bbox 1822 1824 1827 1832; x_wconf 87' lang='lat'>&#39;</span> 
     </span>
     <span class='ocr_line' id='line_1_14' title="bbox 551 2037 1940 2124; baseline -0.009 -17"><span class='ocrx_word' id='word_1_108' title='bbox 551 2048 690 2124; x_wconf 73' lang='lat' dir='ltr'><strong>Oryginal</strong></span> <span class='ocrx_word' id='word_1_109' title='bbox 707 2049 929 2123; x_wconf 72' lang='lat' dir='ltr'><strong>pergenium,</strong></span> <span class='ocrx_word' id='word_1_110' title='bbox 956 2046 1160 2122; x_wconf 74' lang='lat' dir='ltr'><strong>pmeeirowany</strong></span> <span class='ocrx_word' id='word_1_111' title='bbox 1177 2065 1203 2104; x_wconf 82' lang='lat' dir='ltr'><strong>rr</strong></span> <span class='ocrx_word' id='word_1_112' title='bbox 1220 2044 1375 2104; x_wconf 73' lang='lat' dir='ltr'><strong>archiacum</strong></span> <span class='ocrx_word' id='word_1_113' title='bbox 1394 2044 1525 2119; x_wconf 81' lang='lat' dir='ltr'><strong>kspituly</strong></span> <span class='ocrx_word' id='word_1_114' title='bbox 1543 2041 1719 2111; x_wconf 77' lang='lat' dir='ltr'><strong>kutedrslnej</strong></span> <span class='ocrx_word' id='word_1_115' title='bbox 1748 2037 1940 2115; x_wconf 78' lang='lat' dir='ltr'><strong>pomadekiej,</strong></span> 
     </span>
     <span class='ocr_line' id='line_1_15' title="bbox 335 2128 1939 2222; baseline -0.007 -24"><span class='ocrx_word' id='word_1_116' title='bbox 335 2177 337 2182; x_wconf 68' lang='lat'><strong>,</strong></span> <span class='ocrx_word' id='word_1_117' title='bbox 391 2147 544 2222; x_wconf 67' lang='lat' dir='ltr'><strong>opmony</strong></span> <span class='ocrx_word' id='word_1_118' title='bbox 569 2139 626 2210; x_wconf 83' lang='lat' dir='ltr'><strong>ieet</strong></span> <span class='ocrx_word' id='word_1_119' title='bbox 650 2139 844 2211; x_wconf 67' lang='lat' dir='ltr'><strong>majestatum</strong></span> <span class='ocrx_word' id='word_1_120' title='bbox 871 2138 1010 2212; x_wconf 73' lang='lat' dir='ltr'><strong>pieozecia</strong></span> <span class='ocrx_word' id='word_1_121' title='bbox 1027 2137 1108 2194; x_wconf 79' lang='lat' dir='ltr'><strong>krdls</strong></span> <span class='ocrx_word' id='word_1_122' title='bbox 1126 2135 1318 2209; x_wconf 76' lang='lat' dir='ltr'><strong>wladystm</strong></span> <span class='ocrx_word' id='word_1_123' title='bbox 1333 2135 1460 2208; x_wconf 78' lang='lat' dir='ltr'><strong>Jagielty</strong></span> <span class='ocrx_word' id='word_1_124' title='bbox 1488 2151 1520 2191; x_wconf 80' lang='lat' dir='ltr'><strong>se</strong></span> <span class='ocrx_word' id='word_1_125' title='bbox 1536 2132 1684 2207; x_wconf 76' lang='lat' dir='ltr'><strong>scryklego</strong></span> <span class='ocrx_word' id='word_1_126' title='bbox 1702 2128 1809 2200; x_wconf 76' lang='lat' dir='ltr'><strong>wosku,</strong></span> <span class='ocrx_word' id='word_1_127' title='bbox 1836 2144 1939 2186; x_wconf 82' lang='lat' dir='ltr'><strong>naccae</strong></span> 
     </span>
     <span class='ocr_line' id='line_1_16' title="bbox 391 2219 1779 2300; baseline -0.006 -11"><span class='ocrx_word' id='word_1_128' title='bbox 391 2231 560 2300; x_wconf 62' lang='lat' dir='ltr'><strong>scissem</strong></span> <span class='ocrx_word' id='word_1_129' title='bbox 578 2229 735 2300; x_wconf 68' lang='lat' dir='ltr'><strong>unieszona</strong></span> <span class='ocrx_word' id='word_1_130' title='bbox 752 2246 791 2286; x_wconf 80' lang='lat' dir='ltr'><strong>us</strong></span> <span class='ocrx_word' id='word_1_131' title='bbox 808 2245 924 2286; x_wconf 78' lang='lat' dir='ltr'><strong>arnume</strong></span> <span class='ocrx_word' id='word_1_132' title='bbox 941 2245 957 2286; x_wconf 74' lang='grc' dir='ltr'><strong><em>ι</em></strong></span> <span class='ocrx_word' id='word_1_133' title='bbox 974 2225 1062 2287; x_wconf 79' lang='lat' dir='ltr'><strong>bledo</strong></span> <span class='ocrx_word' id='word_1_134' title='bbox 1079 2227 1221 2300; x_wconf 74' lang='lat' dir='ltr'><strong>rodowego</strong></span> <span class='ocrx_word' id='word_1_135' title='bbox 1239 2226 1249 2282; x_wconf 95' lang='lat' dir='ltr'><strong>i</strong></span> <span class='ocrx_word' id='word_1_136' title='bbox 1268 2223 1354 2284; x_wconf 79' lang='lat' dir='ltr'><strong>blado</strong></span> <span class='ocrx_word' id='word_1_137' title='bbox 1372 2225 1517 2298; x_wconf 69' lang='lat' dir='ltr'><strong>sieloaego</strong></span> <span class='ocrx_word' id='word_1_138' title='bbox 1532 2221 1683 2294; x_wconf 73' lang='lat' dir='ltr'><strong>judicabis.</strong></span> <span class='ocrx_word' id='word_1_139' title='bbox 1776 2219 1779 2226; x_wconf 84' lang='lat'>&#39;</span> 
     </span>
    </p>
   </div>
   <div class='ocr_carea' id='block_1_3' title="bbox 524 2369 1731 2501">
    <p class='ocr_par' dir='ltr' id='par_1_4' title="bbox 524 2369 1731 2501">
     <span class='ocr_line' id='line_1_17' title="bbox 524 2369 1731 2501; baseline -0.01 -10"><span class='ocrx_word' id='word_1_140' title='bbox 524 2379 1360 2500; x_wconf 32' lang='lat' dir='ltr'><strong>‘&#39;immedlloletmisstovpomuremkim.</strong></span> <span class='ocrx_word' id='word_1_141' title='bbox 1475 2497 1476 2500; x_wconf 8' lang='grc' dir='ltr'><strong>Ἴ</strong></span> <span class='ocrx_word' id='word_1_142' title='bbox 1579 2369 1731 2501; x_wconf 16' lang='grc' dir='ltr'><strong>..μ’</strong></span> 
     </span>
    </p>
   </div>
   <div class='ocr_carea' id='block_1_4' title="bbox 397 2819 1379 2924">
    <p class='ocr_par' dir='ltr' id='par_1_5' title="bbox 397 2819 1379 2924">
     <span class='ocr_line' id='line_1_18' title="bbox 397 2819 1379 2924; baseline -0.007 -29"><span class='ocrx_word' id='word_1_143' title='bbox 397 2825 452 2895; x_wconf 81' lang='lat' dir='ltr'><strong>er.</strong></span> <span class='ocrx_word' id='word_1_144' title='bbox 498 2824 597 2896; x_wconf 76' lang='lat' dir='ltr'><strong>nos.</strong></span> <span class='ocrx_word' id='word_1_145' title='bbox 621 2819 736 2924; x_wconf 14' lang='lat' dir='ltr'><strong>uelo,</strong></span> <span class='ocrx_word' id='word_1_146' title='bbox 759 2821 895 2894; x_wconf 74' lang='lat' dir='ltr'><strong>mensis</strong></span> <span class='ocrx_word' id='word_1_147' title='bbox 918 2819 1013 2906; x_wconf 77' lang='lat' dir='ltr'><strong>olm,</strong></span> <span class='ocrx_word' id='word_1_148' title='bbox 1032 2821 1075 2919; x_wconf 29' lang='lat' dir='ltr'><strong>,n</strong></span> <span class='ocrx_word' id='word_1_149' title='bbox 1098 2821 1289 2893; x_wconf 67' lang='lat' dir='ltr'><strong>reama.</strong></span> <span class='ocrx_word' id='word_1_150' title='bbox 1376 2881 1379 2888; x_wconf 88' lang='grc'><em>,</em></span> 
     </span>
    </p>
   </div>
   <div class='ocr_carea' id='block_1_5' title="bbox 399 3029 1943 3252">
    <p class='ocr_par' dir='ltr' id='par_1_6' title="bbox 399 3029 1943 3252">
     <span class='ocr_line' id='line_1_19' title="bbox 559 3029 1943 3128; baseline -0.004 -19"><span class='ocrx_word' id='word_1_151' title='bbox 559 3035 728 3110; x_wconf 87' lang='lat' dir='ltr'><strong>Nicotaus</strong></span> <span class='ocrx_word' id='word_1_152' title='bbox 752 3035 797 3108; x_wconf 90' lang='lat' dir='ltr'><strong>de</strong></span> <span class='ocrx_word' id='word_1_153' title='bbox 821 3035 993 3108; x_wconf 78' lang='lat' dir='ltr'><strong>Otroterz</strong></span> <span class='ocrx_word' id='word_1_154' title='bbox 1021 3037 1229 3128; x_wconf 79' lang='lat' dir='ltr'><strong>capitaneus</strong></span> <span class='ocrx_word' id='word_1_155' title='bbox 1253 3032 1497 3106; x_wconf 84' lang='lat' dir='ltr'><strong>Cresoviensls</strong></span> <span class='ocrx_word' id='word_1_156' title='bbox 1528 3030 1633 3105; x_wconf 77' lang='lat' dir='ltr'><strong>fratri</strong></span> <span class='ocrx_word' id='word_1_157' title='bbox 1656 3051 1723 3106; x_wconf 91' lang='lat' dir='ltr'><strong>suo</strong></span> <span class='ocrx_word' id='word_1_158' title='bbox 1745 3029 1943 3104; x_wconf 77' lang='lat' dir='ltr'><strong>rnnoeom</strong></span> 
     </span>
     <span class='ocr_line' id='line_1_20' title="bbox 399 3139 1751 3252; baseline -0.004 -34"><span class='ocrx_word' id='word_1_159' title='bbox 399 3143 522 3220; x_wconf 78' lang='lat' dir='ltr'><strong>villum</strong></span> <span class='ocrx_word' id='word_1_160' title='bbox 545 3145 688 3231; x_wconf 75' lang='lat' dir='ltr'><strong>Oe‘m&#39;cc,</strong></span> <span class='ocrx_word' id='word_1_161' title='bbox 712 3142 759 3216; x_wconf 93' lang='lat' dir='ltr'><strong>ad</strong></span> <span class='ocrx_word' id='word_1_162' title='bbox 781 3143 936 3252; x_wconf 78' lang='lat' dir='ltr'><strong>flurium</strong></span> <span class='ocrx_word' id='word_1_163' title='bbox 957 3143 1038 3216; x_wconf 79' lang='lat' dir='ltr'><strong>Sco</strong></span> <span class='ocrx_word' id='word_1_164' title='bbox 1059 3141 1259 3228; x_wconf 88' lang='lat' dir='ltr'><strong>locandam,</strong></span> <span class='ocrx_word' id='word_1_165' title='bbox 1282 3139 1391 3220; x_wconf 86' lang='lat' dir='ltr'><strong>XXX</strong></span> <span class='ocrx_word' id='word_1_166' title='bbox 1413 3143 1546 3226; x_wconf 86' lang='lat' dir='ltr'><strong>marcis</strong></span> <span class='ocrx_word' id='word_1_167' title='bbox 1568 3139 1703 3238; x_wconf 83' lang='lat' dir='ltr'><strong>vendit.</strong></span> <span class='ocrx_word' id='word_1_168' title='bbox 1747 3165 1751 3174; x_wconf 67' lang='lat'><strong><em>¹</em></strong></span> 
     </span>
    </p>
   </div>
   <div class='ocr_carea' id='block_1_6' title="bbox 335 3355 2013 4080">
    <p class='ocr_par' dir='ltr' id='par_1_7' title="bbox 335 3355 2013 4080">
     <span class='ocr_line' id='line_1_21' title="bbox 559 3355 1946 3450; baseline -0.003 -18"><span class='ocrx_word' id='word_1_169' title='bbox 559 3359 613 3432; x_wconf 48' lang='lat' dir='ltr'><strong>tn,</strong></span> <span class='ocrx_word' id='word_1_170' title='bbox 631 3359 776 3432; x_wconf 87' lang='lat' dir='ltr'><strong>nomine</strong></span> <span class='ocrx_word' id='word_1_171' title='bbox 806 3356 951 3432; x_wconf 88' lang='lat' dir='ltr'><strong>Domini</strong></span> <span class='ocrx_word' id='word_1_172' title='bbox 982 3377 1098 3432; x_wconf 87' lang='lat' dir='ltr'><strong>amen.</strong></span> <span class='ocrx_word' id='word_1_173' title='bbox 1145 3356 1236 3446; x_wconf 88' lang='lat' dir='ltr'><strong>Quia</strong></span> <span class='ocrx_word' id='word_1_174' title='bbox 1270 3360 1481 3430; x_wconf 90' lang='lat' dir='ltr'><strong>cunctorum</strong></span> <span class='ocrx_word' id='word_1_175' title='bbox 1510 3357 1604 3450; x_wconf 81' lang='lat' dir='ltr'><strong>perit</strong></span> <span class='ocrx_word' id='word_1_176' title='bbox 1631 3357 1806 3430; x_wconf 86' lang='lat' dir='ltr'><strong>memoria</strong></span> <span class='ocrx_word' id='word_1_177' title='bbox 1835 3355 1946 3428; x_wconf 84' lang='lat' dir='ltr'><strong>lacto</strong></span> 
     </span>
     <span class='ocr_line' id='line_1_22' title="bbox 335 3457 1945 3558; baseline -0.003 -17"><span class='ocrx_word' id='word_1_178' title='bbox 335 3472 346 3491; x_wconf 85' lang='grc'><strong>’</strong></span> <span class='ocrx_word' id='word_1_179' title='bbox 400 3461 491 3554; x_wconf 77' lang='lat' dir='ltr'><strong>mm,</strong></span> <span class='ocrx_word' id='word_1_180' title='bbox 525 3468 597 3540; x_wconf 87' lang='lat' dir='ltr'><strong>nisi</strong></span> <span class='ocrx_word' id='word_1_181' title='bbox 626 3457 780 3540; x_wconf 83' lang='lat' dir='ltr'><strong>testibus</strong></span> <span class='ocrx_word' id='word_1_182' title='bbox 812 3464 978 3539; x_wconf 82' lang='lat' dir='ltr'><strong>veridicis</strong></span> <span class='ocrx_word' id='word_1_183' title='bbox 1009 3467 1087 3538; x_wconf 90' lang='lat' dir='ltr'><strong>siue</strong></span> <span class='ocrx_word' id='word_1_184' title='bbox 1117 3458 1260 3558; x_wconf 89' lang='lat' dir='ltr'><strong>scriptis</strong></span> <span class='ocrx_word' id='word_1_185' title='bbox 1294 3465 1531 3558; x_wconf 83' lang='lat' dir='ltr'><strong>priuilegiatis</strong></span> <span class='ocrx_word' id='word_1_186' title='bbox 1562 3463 1706 3558; x_wconf 86' lang='lat' dir='ltr'><strong>publice</strong></span> <span class='ocrx_word' id='word_1_187' title='bbox 1735 3463 1945 3550; x_wconf 87' lang='lat' dir='ltr'><strong>solidantur,</strong></span> 
     </span>
     <span class='ocr_line' id='line_1_23' title="bbox 401 3571 1946 3667; baseline -0.004 -17"><span class='ocrx_word' id='word_1_188' title='bbox 401 3577 510 3666; x_wconf 78' lang='lat' dir='ltr'><strong>igitur</strong></span> <span class='ocrx_word' id='word_1_189' title='bbox 531 3576 697 3649; x_wconf 89' lang='lat' dir='ltr'><strong>nauerlnt</strong></span> <span class='ocrx_word' id='word_1_190' title='bbox 718 3575 888 3660; x_wconf 87' lang='lat' dir='ltr'><strong>rniuersi,</strong></span> <span class='ocrx_word' id='word_1_191' title='bbox 911 3577 1115 3667; x_wconf 88' lang='lat' dir='ltr'><strong>presentem</strong></span> <span class='ocrx_word' id='word_1_192' title='bbox 1137 3574 1308 3666; x_wconf 79' lang='lat' dir='ltr'><strong>paginam</strong></span> <span class='ocrx_word' id='word_1_193' title='bbox 1332 3574 1538 3666; x_wconf 81' lang='lat' dir='ltr'><strong>inspecturi,</strong></span> <span class='ocrx_word' id='word_1_194' title='bbox 1569 3571 1665 3664; x_wconf 90' lang='lat' dir='ltr'><strong>quod</strong></span> <span class='ocrx_word' id='word_1_195' title='bbox 1688 3593 1754 3646; x_wconf 89' lang='lat' dir='ltr'><strong>nos</strong></span> <span class='ocrx_word' id='word_1_196' title='bbox 1776 3572 1946 3664; x_wconf 84' lang='lat' dir='ltr'><strong>Nicotaus</strong></span> 
     </span>
     <span class='ocr_line' id='line_1_24' title="bbox 403 3679 2013 3774; baseline -0.002 -20"><span class='ocrx_word' id='word_1_197' title='bbox 403 3681 506 3756; x_wconf 87' lang='lat' dir='ltr'><strong>heres</strong></span> <span class='ocrx_word' id='word_1_198' title='bbox 529 3681 575 3755; x_wconf 88' lang='lat' dir='ltr'><strong>de</strong></span> <span class='ocrx_word' id='word_1_199' title='bbox 597 3683 769 3756; x_wconf 75' lang='lat' dir='ltr'><strong>saroam</strong></span> <span class='ocrx_word' id='word_1_200' title='bbox 798 3701 938 3754; x_wconf 86' lang='lat' dir='ltr'><strong>necnon</strong></span> <span class='ocrx_word' id='word_1_201' title='bbox 970 3683 1179 3774; x_wconf 87' lang='lat' dir='ltr'><strong>capitaneus</strong></span> <span class='ocrx_word' id='word_1_202' title='bbox 1210 3679 1459 3754; x_wconf 86' lang='lat' dir='ltr'><strong>Cresoviensis·</strong></span> <span class='ocrx_word' id='word_1_203' title='bbox 1477 3699 1543 3774; x_wconf 85' lang='lat' dir='ltr'><strong>per</strong></span> <span class='ocrx_word' id='word_1_204' title='bbox 1565 3699 1781 3754; x_wconf 89' lang='lat' dir='ltr'><strong>consensum</strong></span> <span class='ocrx_word' id='word_1_205' title='bbox 1811 3683 1949 3772; x_wconf 55' lang='lat' dir='ltr'><strong>magni,-</strong></span> <span class='ocrx_word' id='word_1_206' title='bbox 2010 3693 2013 3700; x_wconf 83' lang='grc'><strong><em>’</em></strong></span> 
     </span>
     <span class='ocr_line' id='line_1_25' title="bbox 403 3787 2008 3894; baseline -0.001 -33"><span class='ocrx_word' id='word_1_207' title='bbox 403 3787 466 3862; x_wconf 82' lang='lat' dir='ltr'><strong>lici</strong></span> <span class='ocrx_word' id='word_1_208' title='bbox 487 3790 660 3884; x_wconf 85' lang='lat' dir='ltr'><strong>principle</strong></span> <span class='ocrx_word' id='word_1_209' title='bbox 683 3789 883 3881; x_wconf 76' lang='lat' dir='ltr'><strong>Wladislay</strong></span> <span class='ocrx_word' id='word_1_210' title='bbox 907 3788 975 3861; x_wconf 91' lang='lat' dir='ltr'><strong>Dei</strong></span> <span class='ocrx_word' id='word_1_211' title='bbox 997 3791 1125 3880; x_wconf 72' lang='lat' dir='ltr'><strong>gracia·</strong></span> <span class='ocrx_word' id='word_1_212' title='bbox 1143 3791 1238 3894; x_wconf 82' lang='lat' dir='ltr'><strong>regis</strong></span> <span class='ocrx_word' id='word_1_213' title='bbox 1262 3788 1416 3875; x_wconf 88' lang='lat' dir='ltr'><strong>Polonie,</strong></span> <span class='ocrx_word' id='word_1_214' title='bbox 1444 3790 1629 3881; x_wconf 88' lang='lat' dir='ltr'><strong>cupientes</strong></span> <span class='ocrx_word' id='word_1_215' title='bbox 1652 3787 1814 3861; x_wconf 87' lang='lat' dir='ltr'><strong>redditus</strong></span> <span class='ocrx_word' id='word_1_216' title='bbox 1839 3792 1948 3862; x_wconf 89' lang='lat' dir='ltr'><strong>castri</strong></span> <span class='ocrx_word' id='word_1_217' title='bbox 2000 3800 2008 3810; x_wconf 86' lang='lat'><strong>·</strong></span> 
     </span>
     <span class='ocr_line' id='line_1_26' title="bbox 404 3895 1948 3992; baseline 0.001 -22"><span class='ocrx_word' id='word_1_218' title='bbox 404 3896 554 3990; x_wconf 81' lang='lat' dir='ltr'><strong>predicti</strong></span> <span class='ocrx_word' id='word_1_219' title='bbox 577 3897 760 3992; x_wconf 89' lang='lat' dir='ltr'><strong>ampliare,</strong></span> <span class='ocrx_word' id='word_1_220' title='bbox 784 3897 1010 3970; x_wconf 88' lang='lat' dir='ltr'><strong>decreuimus</strong></span> <span class='ocrx_word' id='word_1_221' title='bbox 1026 3916 1120 3969; x_wconf 88' lang='lat' dir='ltr'><strong>noue</strong></span> <span class='ocrx_word' id='word_1_222' title='bbox 1134 3895 1468 3970; x_wconf 86' lang='lat' dir='ltr'><strong>locaclonisvillam</strong></span> <span class='ocrx_word' id='word_1_223' title='bbox 1491 3895 1559 3968; x_wconf 92' lang='lat' dir='ltr'><strong>sub</strong></span> <span class='ocrx_word' id='word_1_224' title='bbox 1583 3897 1728 3968; x_wconf 87' lang='lat' dir='ltr'><strong>nomine</strong></span> <span class='ocrx_word' id='word_1_225' title='bbox 1743 3897 1948 3988; x_wconf 62' lang='lat' dir='ltr'><strong>Orationem)</strong></span> 
     </span>
     <span class='ocr_line' id='line_1_27' title="bbox 405 4003 1953 4080; baseline 0.001 -4"><span class='ocrx_word' id='word_1_226' title='bbox 405 4003 497 4079; x_wconf 86' lang='lat' dir='ltr'><strong>inter</strong></span> <span class='ocrx_word' id='word_1_227' title='bbox 530 4007 640 4080; x_wconf 79' lang='lat' dir='ltr'><strong>Oolm</strong></span> <span class='ocrx_word' id='word_1_228' title='bbox 662 4010 701 4078; x_wconf 89' lang='lat' dir='ltr'><strong>et</strong></span> <span class='ocrx_word' id='word_1_229' title='bbox 721 4005 878 4078; x_wconf 87' lang='lat' dir='ltr'><strong>lluuiurn</strong></span> <span class='ocrx_word' id='word_1_230' title='bbox 899 4005 980 4078; x_wconf 79' lang='lat' dir='ltr'><strong>Son</strong></span> <span class='ocrx_word' id='word_1_231' title='bbox 1015 4007 1159 4078; x_wconf 88' lang='lat' dir='ltr'><strong>situare.</strong></span> <span class='ocrx_word' id='word_1_232' title='bbox 1202 4003 1440 4076; x_wconf 86' lang='lat' dir='ltr'><strong>vendidimus</strong></span> <span class='ocrx_word' id='word_1_233' title='bbox 1472 4003 1575 4076; x_wconf 75' lang='lat' dir='ltr'><strong>iretfi</strong></span> <span class='ocrx_word' id='word_1_234' title='bbox 1604 4009 1726 4078; x_wconf 86' lang='lat' dir='ltr'><strong>nostro</strong></span> <span class='ocrx_word' id='word_1_235' title='bbox 1755 4003 1953 4080; x_wconf 81' lang='lat' dir='ltr'><strong>Francconi</strong></span> 
     </span>
    </p>
   </div>
   <div class='ocr_carea' id='block_1_7' title="bbox 261 4109 2038 4316">
    <p class='ocr_par' dir='ltr' id='par_1_8' title="bbox 261 4109 2038 4316">
     <span class='ocr_line' id='line_1_28' title="bbox 261 4109 2038 4207; baseline 0.001 -23"><span class='ocrx_word' id='word_1_236' title='bbox 261 4179 269 4192; x_wconf 84' lang='grc'>,</span> <span class='ocrx_word' id='word_1_237' title='bbox 405 4110 481 4185; x_wconf 89' lang='lat' dir='ltr'><strong>iillo</strong></span> <span class='ocrx_word' id='word_1_238' title='bbox 509 4109 648 4187; x_wconf 85' lang='lat' dir='ltr'><strong>&#39;domini</strong></span> <span class='ocrx_word' id='word_1_239' title='bbox 680 4112 853 4207; x_wconf 84' lang='lat' dir='ltr'><strong>Stephani</strong></span> <span class='ocrx_word' id='word_1_240' title='bbox 885 4111 972 4184; x_wconf 89' lang='lat' dir='ltr'><strong>dicti</strong></span> <span class='ocrx_word' id='word_1_241' title='bbox 988 4111 1152 4188; x_wconf 81' lang='lat' dir='ltr'><strong>,Pechim</strong></span> <span class='ocrx_word' id='word_1_242' title='bbox 1187 4131 1250 4206; x_wconf 89' lang='lat' dir='ltr'><strong>pro</strong></span> <span class='ocrx_word' id='word_1_243' title='bbox 1285 4113 1433 4204; x_wconf 73' lang='lat' dir='ltr'><strong>triginta</strong></span> <span class='ocrx_word' id='word_1_244' title='bbox 1466 4113 1598 4184; x_wconf 80' lang='lat' dir='ltr'><strong>marcis</strong></span> <span class='ocrx_word' id='word_1_245' title='bbox 1639 4111 1777 4186; x_wconf 85' lang='lat' dir='ltr'><strong>rsualis</strong></span> <span class='ocrx_word' id='word_1_246' title='bbox 1809 4119 1952 4186; x_wconf 90' lang='lat' dir='ltr'><strong>monete</strong></span> <span class='ocrx_word' id='word_1_247' title='bbox 2036 4193 2038 4196; x_wconf 62' lang='grc'>,</span> 
     </span>
     <span class='ocr_line' id='line_1_29' title="bbox 294 4219 1952 4316; baseline 0.003 -26"><span class='ocrx_word' id='word_1_248' title='bbox 294 4308 299 4316; x_wconf 92' lang='lat'>.</span> <span class='ocrx_word' id='word_1_249' title='bbox 406 4219 616 4295; x_wconf 79' lang='lat' dir='ltr'><strong>sctdte&#39;ciam</strong></span> <span class='ocrx_word' id='word_1_250' title='bbox 638 4239 723 4294; x_wconf 89' lang='lat' dir='ltr'><strong>cum</strong></span> <span class='ocrx_word' id='word_1_251' title='bbox 745 4220 911 4295; x_wconf 89' lang='lat' dir='ltr'><strong>omnibus</strong></span> <span class='ocrx_word' id='word_1_252' title='bbox 934 4219 1112 4294; x_wconf 75' lang='lat' dir='ltr'><strong>fructibus</strong></span> <span class='ocrx_word' id='word_1_253' title='bbox 1135 4219 1374 4314; x_wconf 74' lang='lat' dir='ltr'><strong>inlrascfiptis</strong></span> <span class='ocrx_word' id='word_1_254' title='bbox 1397 4221 1474 4308; x_wconf 87' lang='lat' dir='ltr'><strong>iure</strong></span> <span class='ocrx_word' id='word_1_255' title='bbox 1496 4219 1757 4311; x_wconf 79' lang='lat' dir='ltr'><strong>Maitbcugensi</strong></span> <span class='ocrx_word' id='word_1_256' title='bbox 1778 4225 1952 4316; x_wconf 87' lang='lat' dir='ltr'><strong>perpetuo</strong></span> 
     </span>
    </p>
   </div>
   <div class='ocr_carea' id='block_1_8' title="bbox 406 4323 1970 5176">
    <p class='ocr_par' dir='ltr' id='par_1_9' title="bbox 406 4323 1970 5176">
     <span class='ocr_line' id='line_1_30' title="bbox 406 4323 1953 4423; baseline 0.001 -23"><span class='ocrx_word' id='word_1_257' title='bbox 406 4323 617 4402; x_wconf 84' lang='lat' dir='ltr'><strong>hereditarie</strong></span> <span class='ocrx_word' id='word_1_258' title='bbox 646 4328 861 4415; x_wconf 86' lang='lat' dir='ltr'><strong>habendam,</strong></span> <span class='ocrx_word' id='word_1_259' title='bbox 891 4326 1146 4423; x_wconf 88' lang='lat' dir='ltr'><strong>possidendam</strong></span> <span class='ocrx_word' id='word_1_260' title='bbox 1177 4349 1220 4400; x_wconf 91' lang='lat' dir='ltr'><strong>ac</strong></span> <span class='ocrx_word' id='word_1_261' title='bbox 1248 4330 1282 4400; x_wconf 88' lang='lat' dir='ltr'><strong>si</strong></span> <span class='ocrx_word' id='word_1_262' title='bbox 1303 4347 1462 4404; x_wconf 83' lang='lat' dir='ltr'><strong>‚necesse</strong></span> <span class='ocrx_word' id='word_1_263' title='bbox 1484 4326 1603 4414; x_wconf 79' lang='lat' dir='ltr'><strong>luerit</strong></span> <span class='ocrx_word' id='word_1_264' title='bbox 1635 4327 1682 4400; x_wconf 91' lang='lat' dir='ltr'><strong>ad</strong></span> <span class='ocrx_word' id='word_1_265' title='bbox 1714 4329 1953 4404; x_wconf 88' lang='lat' dir='ltr'><strong>vendendam.</strong></span> 
     </span>
     <span class='ocr_line' id='line_1_31' title="bbox 407 4432 1955 4530; baseline 0.003 -24"><span class='ocrx_word' id='word_1_266' title='bbox 407 4432 466 4506; x_wconf 84' lang='lat' dir='ltr'><strong>Ad</strong></span> <span class='ocrx_word' id='word_1_267' title='bbox 486 4435 688 4509; x_wconf 82' lang='lat' dir='ltr'><strong>libertatem</strong></span> <span class='ocrx_word' id='word_1_268' title='bbox 709 4437 886 4530; x_wconf 85' lang='lat' dir='ltr'><strong>pretirem</strong></span> <span class='ocrx_word' id='word_1_269' title='bbox 914 4435 1127 4527; x_wconf 80' lang='lat' dir='ltr'><strong>diligencius</strong></span> <span class='ocrx_word' id='word_1_270' title='bbox 1149 4435 1341 4510; x_wconf 89' lang='lat' dir='ltr'><strong>locandam</strong></span> <span class='ocrx_word' id='word_1_271' title='bbox 1371 4433 1488 4508; x_wconf 87' lang='lat' dir='ltr'><strong>eidem</strong></span> <span class='ocrx_word' id='word_1_272' title='bbox 1511 4433 1718 4510; x_wconf 74' lang='lat' dir='ltr'><strong>Piranctsco</strong></span> <span class='ocrx_word' id='word_1_273' title='bbox 1740 4437 1902 4514; x_wconf 86' lang='lat' dir='ltr'><strong>sculteto¹</strong></span> <span class='ocrx_word' id='word_1_274' title='bbox 1917 4445 1955 4512; x_wconf 90' lang='lat' dir='ltr'><strong>et</strong></span> 
     </span>
     <span class='ocr_line' id='line_1_32' title="bbox 408 4541 1952 4642; baseline 0.003 -26"><span class='ocrx_word' id='word_1_275' title='bbox 408 4541 559 4634; x_wconf 72' lang='lat' dir='ltr'><strong>sumus</strong></span> <span class='ocrx_word' id='word_1_276' title='bbox 592 4543 823 4642; x_wconf 84' lang='lat' dir='ltr'><strong>kmetonibus</strong></span> <span class='ocrx_word' id='word_1_277' title='bbox 855 4543 902 4636; x_wconf 88' lang='lat' dir='ltr'><strong>ad</strong></span> <span class='ocrx_word' id='word_1_278' title='bbox 936 4543 1089 4617; x_wconf 86' lang='lat' dir='ltr'><strong>eandem</strong></span> <span class='ocrx_word' id='word_1_279' title='bbox 1129 4543 1332 4617; x_wconf 87' lang='lat' dir='ltr'><strong>libertatern</strong></span> <span class='ocrx_word' id='word_1_280' title='bbox 1369 4545 1705 4636; x_wconf 86' lang='lat' dir='ltr'><strong>supervenientibus</strong></span> <span class='ocrx_word' id='word_1_281' title='bbox 1723 4551 1781 4619; x_wconf 85' lang='lat' dir='ltr'><strong>&#39;et</strong></span> <span class='ocrx_word' id='word_1_282' title='bbox 1816 4545 1952 4638; x_wconf 80' lang='lat' dir='ltr'><strong>ibidem</strong></span> 
     </span>
     <span class='ocr_line' id='line_1_33' title="bbox 409 4651 1955 4746; baseline 0.005 -26"><span class='ocrx_word' id='word_1_283' title='bbox 409 4652 635 4726; x_wconf 86' lang='lat' dir='ltr'><strong>manentibus</strong></span> <span class='ocrx_word' id='word_1_284' title='bbox 658 4673 682 4725; x_wconf 90' lang='lat' dir='ltr'><strong>a</strong></span> <span class='ocrx_word' id='word_1_285' title='bbox 704 4652 790 4726; x_wconf 88' lang='lat' dir='ltr'><strong>data</strong></span> <span class='ocrx_word' id='word_1_286' title='bbox 812 4655 1039 4746; x_wconf 86' lang='lat' dir='ltr'><strong>presencium</strong></span> <span class='ocrx_word' id='word_1_287' title='bbox 1062 4651 1156 4726; x_wconf 91' lang='lat' dir='ltr'><strong>lnlra</strong></span> <span class='ocrx_word' id='word_1_288' title='bbox 1178 4651 1244 4724; x_wconf 86' lang='lat' dir='ltr'><strong>XII</strong></span> <span class='ocrx_word' id='word_1_289' title='bbox 1272 4670 1385 4725; x_wconf 87' lang='lat' dir='ltr'><strong>annos</strong></span> <span class='ocrx_word' id='word_1_290' title='bbox 1415 4653 1454 4724; x_wconf 91' lang='lat' dir='ltr'><strong>in</strong></span> <span class='ocrx_word' id='word_1_291' title='bbox 1486 4653 1640 4738; x_wconf 86' lang='lat' dir='ltr'><strong>mericls,</strong></span> <span class='ocrx_word' id='word_1_292' title='bbox 1670 4654 1709 4725; x_wconf 89' lang='lat' dir='ltr'><strong>ln</strong></span> <span class='ocrx_word' id='word_1_293' title='bbox 1736 4655 1839 4726; x_wconf 88' lang='lat' dir='ltr'><strong>siluis</strong></span> <span class='ocrx_word' id='word_1_294' title='bbox 1869 4675 1955 4728; x_wconf 85' lang='lat' dir='ltr'><strong>vero</strong></span> 
     </span>
     <span class='ocr_line' id='line_1_34' title="bbox 410 4751 1970 4854; baseline 0.004 -24"><span class='ocrx_word' id='word_1_295' title='bbox 410 4751 523 4833; x_wconf 76' lang='lat' dir='ltr'><strong>iix-u</strong></span> <span class='ocrx_word' id='word_1_296' title='bbox 546 4779 657 4834; x_wconf 83' lang='lat' dir='ltr'><strong>annos</strong></span> <span class='ocrx_word' id='word_1_297' title='bbox 681 4759 924 4833; x_wconf 88' lang='lat' dir='ltr'><strong>omnimodam</strong></span> <span class='ocrx_word' id='word_1_298' title='bbox 953 4760 1156 4833; x_wconf 82' lang='lat' dir='ltr'><strong>libertatem</strong></span> <span class='ocrx_word' id='word_1_299' title='bbox 1188 4759 1417 4833; x_wconf 87' lang='lat' dir='ltr'><strong>concedimus</strong></span> <span class='ocrx_word' id='word_1_300' title='bbox 1448 4763 1485 4831; x_wconf 88' lang='lat' dir='ltr'><strong>et</strong></span> <span class='ocrx_word' id='word_1_301' title='bbox 1507 4757 1693 4846; x_wconf 87' lang='lat' dir='ltr'><strong>donamus,</strong></span> <span class='ocrx_word' id='word_1_302' title='bbox 1717 4761 1886 4854; x_wconf 88' lang='lat' dir='ltr'><strong>ipsosque</strong></span> <span class='ocrx_word' id='word_1_303' title='bbox 1910 4763 1970 4836; x_wconf 80' lang='lat' dir='ltr'><strong>ab·</strong></span> 
     </span>
     <span class='ocr_line' id='line_1_35' title="bbox 411 4861 1956 4960; baseline 0.006 -25"><span class='ocrx_word' id='word_1_304' title='bbox 411 4867 576 4940; x_wconf 77' lang='lat' dir='ltr'><strong>omnibus</strong></span> <span class='ocrx_word' id='word_1_305' title='bbox 596 4869 848 4954; x_wconf 88' lang='lat' dir='ltr'><strong>solucionibus,</strong></span> <span class='ocrx_word' id='word_1_306' title='bbox 872 4861 1043 4960; x_wconf 69' lang='lat' dir='ltr'><strong>angariis,</strong></span> <span class='ocrx_word' id='word_1_307' title='bbox 1068 4867 1317 4941; x_wconf 88' lang='lat' dir='ltr'><strong>exaccionibus</strong></span> <span class='ocrx_word' id='word_1_308' title='bbox 1341 4871 1378 4939; x_wconf 82' lang='lat' dir='ltr'><strong>et</strong></span> <span class='ocrx_word' id='word_1_309' title='bbox 1401 4865 1546 4955; x_wconf 85' lang='lat' dir='ltr'><strong>alios(s)</strong></span> <span class='ocrx_word' id='word_1_310' title='bbox 1570 4887 1797 4959; x_wconf 87' lang='lat' dir='ltr'><strong>quocumque</strong></span> <span class='ocrx_word' id='word_1_311' title='bbox 1811 4872 1956 4944; x_wconf 88' lang='lat' dir='ltr'><strong>nomine</strong></span> 
     </span>
     <span class='ocr_line' id='line_1_36' title="bbox 413 4967 1957 5070; baseline 0.003 -22"><span class='ocrx_word' id='word_1_312' title='bbox 413 4967 586 5070; x_wconf 68' lang='lat' dir='ltr'><strong>dloentm,</strong></span> <span class='ocrx_word' id='word_1_313' title='bbox 607 4975 738 5049; x_wconf 85' lang='lat' dir='ltr'><strong>llberos</strong></span> <span class='ocrx_word' id='word_1_314' title='bbox 762 4975 938 5061; x_wconf 89' lang='lat' dir='ltr'><strong>iaciendo,</strong></span> <span class='ocrx_word' id='word_1_315' title='bbox 967 4976 1033 5048; x_wconf 83' lang='lat' dir='ltr'><strong>tali</strong></span> <span class='ocrx_word' id='word_1_316' title='bbox 1055 4981 1177 5049; x_wconf 88' lang='lat' dir='ltr'><strong>tamen</strong></span> <span class='ocrx_word' id='word_1_317' title='bbox 1199 4975 1419 5060; x_wconf 85' lang='lat' dir='ltr'><strong>condicione,</strong></span> <span class='ocrx_word' id='word_1_318' title='bbox 1451 4972 1547 5066; x_wconf 90' lang='lat' dir='ltr'><strong>quod</strong></span> <span class='ocrx_word' id='word_1_319' title='bbox 1576 4974 1759 5068; x_wconf 88' lang='lat' dir='ltr'><strong>predictus</strong></span> <span class='ocrx_word' id='word_1_320' title='bbox 1783 4978 1957 5052; x_wconf 83' lang='lat' dir='ltr'><strong>scultetus</strong></span> 
     </span>
     <span class='ocr_line' id='line_1_37' title="bbox 414 5070 1958 5176; baseline 0.007 -26"><span class='ocrx_word' id='word_1_321' title='bbox 414 5075 452 5150; x_wconf 88' lang='lat' dir='ltr'><strong>lu</strong></span> <span class='ocrx_word' id='word_1_322' title='bbox 478 5081 639 5176; x_wconf 84' lang='lat' dir='ltr'><strong>predicta</strong></span> <span class='ocrx_word' id='word_1_323' title='bbox 667 5083 833 5156; x_wconf 86' lang='lat' dir='ltr'><strong>libertate</strong></span> <span class='ocrx_word' id='word_1_324' title='bbox 860 5082 1050 5156; x_wconf 84' lang='lat' dir='ltr'><strong>duodecim</strong></span> <span class='ocrx_word' id='word_1_325' title='bbox 1078 5083 1285 5156; x_wconf 86' lang='lat' dir='ltr'><strong>cmethones</strong></span> <span class='ocrx_word' id='word_1_326' title='bbox 1316 5085 1355 5155; x_wconf 89' lang='lat' dir='ltr'><strong>in</strong></span> <span class='ocrx_word' id='word_1_327' title='bbox 1388 5081 1577 5154; x_wconf 89' lang='lat' dir='ltr'><strong>duodecim</strong></span> <span class='ocrx_word' id='word_1_328' title='bbox 1601 5082 1755 5170; x_wconf 67' lang='lat' dir='ltr'><strong>&#39;mansis</strong></span> <span class='ocrx_word' id='word_1_329' title='bbox 1787 5085 1832 5159; x_wconf 88' lang='lat' dir='ltr'><strong>da</strong></span> <span class='ocrx_word' id='word_1_330' title='bbox 1863 5070 1958 5160; x_wconf 80' lang='lat' dir='ltr'><strong>nouo</strong></span> 
     </span>
    </p>
   </div>
   <div class='ocr_carea' id='block_1_9' title="bbox 265 5189 1959 5288">
    <p class='ocr_par' dir='ltr' id='par_1_10' title="bbox 265 5189 1959 5288">
     <span class='ocr_line' id='line_1_38' title="bbox 265 5189 1959 5288; baseline 0.008 -33"><span class='ocrx_word' id='word_1_331' title='bbox 265 5240 266 5243; x_wconf 9' lang='grc' dir='ltr'><strong><em>κ</em></strong></span> <span class='ocrx_word' id='word_1_332' title='bbox 416 5189 607 5283; x_wconf 56' lang='lat' dir='ltr'><strong>extirpata</strong></span> <span class='ocrx_word' id='word_1_333' title='bbox 635 5211 701 5284; x_wconf 89' lang='lat' dir='ltr'><strong>pro</strong></span> <span class='ocrx_word' id='word_1_334' title='bbox 729 5193 862 5264; x_wconf 89' lang='lat' dir='ltr'><strong>nostris</strong></span> <span class='ocrx_word' id='word_1_335' title='bbox 884 5191 1009 5264; x_wconf 85' lang='lat' dir='ltr'><strong>rsibus</strong></span> <span class='ocrx_word' id='word_1_336' title='bbox 1040 5196 1077 5262; x_wconf 92' lang='lat' dir='ltr'><strong>et</strong></span> <span class='ocrx_word' id='word_1_337' title='bbox 1107 5193 1184 5263; x_wconf 90' lang='lat' dir='ltr'><strong>suis</strong></span> <span class='ocrx_word' id='word_1_338' title='bbox 1216 5191 1346 5263; x_wconf 91' lang='lat' dir='ltr'><strong>debeat</strong></span> <span class='ocrx_word' id='word_1_339' title='bbox 1375 5190 1565 5274; x_wconf 87' lang='lat' dir='ltr'><strong>collocare;</strong></span> <span class='ocrx_word' id='word_1_340' title='bbox 1600 5193 1658 5262; x_wconf 88' lang='lat' dir='ltr'><strong>sto</strong></span> <span class='ocrx_word' id='word_1_341' title='bbox 1689 5197 1810 5265; x_wconf 84' lang='lat' dir='ltr'><strong>autem</strong></span> <span class='ocrx_word' id='word_1_342' title='bbox 1837 5193 1959 5288; x_wconf 90' lang='lat' dir='ltr'><strong>plures</strong></span> 
     </span>
    </p>
   </div>
   <div class='ocr_carea' id='block_1_10' title="bbox 416 5287 1961 5502">
    <p class='ocr_par' dir='ltr' id='par_1_11' title="bbox 416 5287 1961 5502">
     <span class='ocr_line' id='line_1_39' title="bbox 416 5287 1961 5396; baseline 0.008 -33"><span class='ocrx_word' id='word_1_343' title='bbox 416 5289 494 5366; x_wconf 86' lang='lat' dir='ltr'><strong>lteri</strong></span> <span class='ocrx_word' id='word_1_344' title='bbox 515 5301 679 5392; x_wconf 83' lang='lat' dir='ltr'><strong>poterint,</strong></span> <span class='ocrx_word' id='word_1_345' title='bbox 711 5287 757 5372; x_wconf 87' lang='lat' dir='ltr'><strong>ad</strong></span> <span class='ocrx_word' id='word_1_346' title='bbox 779 5303 943 5371; x_wconf 87' lang='lat' dir='ltr'><strong>nostrum</strong></span> <span class='ocrx_word' id='word_1_347' title='bbox 970 5298 1098 5371; x_wconf 86' lang='lat' dir='ltr'><strong>melius</strong></span> <span class='ocrx_word' id='word_1_348' title='bbox 1121 5297 1342 5371; x_wconf 88' lang='lat' dir='ltr'><strong>locabuntur.</strong></span> <span class='ocrx_word' id='word_1_349' title='bbox 1388 5297 1527 5396; x_wconf 86' lang='lat' dir='ltr'><strong>Deinde</strong></span> <span class='ocrx_word' id='word_1_350' title='bbox 1556 5297 1651 5370; x_wconf 88' lang='lat' dir='ltr'><strong>intra</strong></span> <span class='ocrx_word' id='word_1_351' title='bbox 1673 5302 1961 5396; x_wconf 80' lang='lat' dir='ltr'><strong>grunioiesincl·</strong></span> 
     </span>
     <span class='ocr_line' id='line_1_40' title="bbox 417 5399 1960 5502; baseline 0.008 -32"><span class='ocrx_word' id='word_1_352' title='bbox 417 5399 545 5488; x_wconf 89' lang='lat' dir='ltr'><strong>plendo</strong></span> <span class='ocrx_word' id='word_1_353' title='bbox 574 5426 596 5479; x_wconf 86' lang='lat' dir='ltr'><strong>a</strong></span> <span class='ocrx_word' id='word_1_354' title='bbox 625 5407 740 5481; x_wconf 81' lang='lat' dir='ltr'><strong>colna</strong></span> <span class='ocrx_word' id='word_1_355' title='bbox 768 5406 882 5480; x_wconf 82' lang='lat' dir='ltr'><strong>fluuio</strong></span> <span class='ocrx_word' id='word_1_356' title='bbox 912 5425 1027 5497; x_wconf 87' lang='lat' dir='ltr'><strong>usque</strong></span> <span class='ocrx_word' id='word_1_357' title='bbox 1056 5405 1102 5478; x_wconf 92' lang='lat' dir='ltr'><strong>ad</strong></span> <span class='ocrx_word' id='word_1_358' title='bbox 1133 5405 1289 5480; x_wconf 80' lang='lat' dir='ltr'><strong>fluuium</strong></span> <span class='ocrx_word' id='word_1_359' title='bbox 1317 5401 1397 5482; x_wconf 76' lang='lat' dir='ltr'><strong>son</strong></span> <span class='ocrx_word' id='word_1_360' title='bbox 1422 5410 1459 5479; x_wconf 89' lang='lat' dir='ltr'><strong>et</strong></span> <span class='ocrx_word' id='word_1_361' title='bbox 1481 5425 1504 5479; x_wconf 84' lang='lat' dir='ltr'><strong>a</strong></span> <span class='ocrx_word' id='word_1_362' title='bbox 1526 5405 1639 5479; x_wconf 85' lang='lat' dir='ltr'><strong>lluiuo</strong></span> <span class='ocrx_word' id='word_1_363' title='bbox 1666 5407 1746 5482; x_wconf 77' lang='lat' dir='ltr'><strong>Sca</strong></span> <span class='ocrx_word' id='word_1_364' title='bbox 1775 5409 1960 5502; x_wconf 88' lang='lat' dir='ltr'><strong>usquead</strong></span> 
     </span>
    </p>
   </div>
   <div class='ocr_carea' id='block_1_11' title="bbox 0 0 2401 6356">
    <p class='ocr_par' dir='ltr' id='par_1_12' title="bbox 0 0 2401 6356">
     <span class='ocr_line' id='line_1_41' title="bbox 0 0 2401 6356; baseline 0 0"><span class='ocrx_word' id='word_1_365' title='bbox 0 0 2401 6356; x_wconf 95' lang='lat' dir='ltr'><strong> </strong></span> 
     </span>
    </p>
   </div>
  </div>
 </body>
</html>
