4722 6360
1904 569 1987 652 ot,

423 767 574 851 dicolono
605 761 759 852 aliquali,
791 759 961 852 quociens
985 760 1073 852 ipsis
1101 758 1194 832 loret
1227 705 1476 852 opportunum.
1523 759 1659 848 Quibus
1694 766 1731 834 ot
1763 740 1950 856 piscinam,

422 879 584 978 quantam
621 869 763 953 vellent,
798 869 835 940 in
870 869 1078 939 summitate
1113 866 1200 938 dieti
1237 865 1432 939 molendini
1466 867 1611 960 plenam
1643 869 1795 962 parandi
1826 870 1952 943 tribuit

420 982 629 1068 tacultatcm.
677 977 842 1048 Potentes
866 976 1048 1048 humiliter
1079 995 1176 1048 more
1205 979 1349 1067 propter
1380 975 1611 1048 clemenciam
1636 979 1836 1065 saluatoris,
1867 998 1951 1069 qua·
2058 1069 2062 1077 .

420 1109 515 1174 tonus
538 1084 583 1157 de
605 1087 731 1157 innata
752 1089 873 1156 nostre
897 1083 1120 1155 celsitudinis
1145 1083 1349 1168 clemencia,
1382 1083 1470 1176 ipsis
1500 1083 1706 1156 huiusmodi
1737 1087 1951 1176 legationes,

420 1195 726 1288 incorporaciones,
750 1192 1007 1284 prorogatiuas,
1033 1194 1282 1263 concessiones
1307 1193 1343 1261 et
1365 1194 1516 1280 gracias,
1540 1213 1604 1284 per
1626 1193 1807 1285 prelatum
1822 1193 1951 1266 ducem

419 1301 569 1394 Prempsl
597 1302 649 1371 eis
680 1298 806 1384 lactas,
838 1301 969 1371 nostris
999 1300 1112 1370 litoris
1142 1298 1333 1383 letificare,
1366 1299 1579 1388 gratificare,
1611 1289 1792 1386 innouare,
1824 1302 1951 1374 conlir·

420 1431 510 1496 mare
533 1411 569 1480 et
592 1407 787 1500 approbare
802 1405 1042 1497 dignaremur.
1068 1405 1226 1494 Quorum
1242 1405 1468 1477 benemeritis
1483 1407 1556 1478 zelo
1574 1406 1779 1480 deuocionis
1797 1411 1950 1495 accensi,

419 1519 575 1600 acclinati
598 1515 846 1609 peticionibus,
869 1514 1080 1605 ydoneaquo
1102 1511 1397 1606 predecessorum
1413 1519 1614 1586 nostrorum
1638 1521 1775 1588 sectore
1790 1517 1951 1588 volentes

418 1627 573 1716 vestigia,
605 1625 694 1715 ipsis
718 1642 843 1694 omnes
866 1620 1073 1694 huiusmodi
1100 1621 1314 1711 legaciones,
1345 1621 1662 1714 incorporaciones,
1693 1627 1951 1716 prerogatiuas,

419 1736 594 1814 libertates
615 1735 651 1803 ct
666 1733 818 1820 gracias,
841 1750 906 1822 per
929 1729 1081 1802 eundem
1098 1728 1227 1801 ducem
1249 1728 1411 1820 Premysl
1434 1733 1497 1813 eis,
1518 1735 1559 1802 vt
1573 1733 1800 1822 promittitur,
1824 1731 1951 1818 iactas,

418 1851 451 1920 et
481 1845 519 1914 in
548 1839 774 1933 presentibus
810 1837 1026 1910 articulatim
1062 1835 1270 1928 descriptas,
1300 1837 1534 1924 ratificamus,
1564 1839 1822 1928 gratificamus,
1848 1841 1952 1928 ‚inno-

419 1967 552 2032 uamuS,
601 1944 842 2038 approbamus
888 1949 924 2016 et
968 1949 1090 2016 tenore
1127 1945 1353 2036 presencium
1393 1945 1660 2031 conlimaamus,
1707 1945 1951 2033 decernentes,

420 2056 558 2133 easdem
580 2054 689 2126 robur
711 2057 881 2144 perpetuo
904 2053 1088 2123 firmitatis
1120 2051 1289 2124 obtinere.
1334 2051 1546 2124 blandantes
1576 2053 1742 2126 omuibus
1766 2059 1802 2126 et
1825 2056 1952 2145 sigalis

421 2163 621 2260 capitaneis,
650 2159 881 2250 burgrabiis·
903 2160 1201 2252 procuratoribus,
1236 2159 1431 2244 aduocatis,
1471 2161 1686 2246 consulibus,
1722 2161 1882 2234 scultetis
1917 2166 1954 2234 et
2059 2237 2064 2246 ,

423 2273 544 2346 ceteris
566 2271 669 2360 regni
699 2271 813 2342 nostri
844 2266 1062 2340 oiiicialibus
1092 2270 1130 2340 et
1162 2266 1327 2351 subditis,
1363 2272 1540 2358 quatenus
1572 2267 1716 2342 eosdem
1751 2268 1880 2342 iratres
1913 2273 1954 2343 in

420 2379 548 2560 aaran
549 2431 703 2556 .........
722 2429 1037 2575 nina'iu'raa'a'
1056 2425 1214 2573 tigrim
1231 2427 1409 2554 'ionas'
1435 2429 1646 2577 abacista
1667 2431 1723 2557 aa
1739 2431 1952 2560 'miralia

420 2597 607 2668 literarum.
652 2592 787 2665 Actum
816 2591 992 2664 Poananie
1016 2588 1074 2663 dic
1104 2589 1284 2663 dominica
1312 2590 1408 2664 inira
1438 2595 1583 2664 oct'aua's
1614 2591 1777 2686 Corporis
1809 2592 1952 2679 Christi,

311 2711 313 2716 “
418 2721 504 2776 anno
526 2700 672 2773 Domini
695 2700 886 2772 millesimo
901 2697 1253 2789 quadringentesimo
1277 2701 1388 2770 sexto.
1434 2697 1662 2790 Prescntibus
1678 2699 1767 2792 hijs:
1789 2719 1952 2774 reueren-

30 3037 102 3126 edit,
129 3047 255 3116 vntum·

31 3151 184 3236 quomodo
215 3153 254 3224 ad

29 3253 82 3326 itin
112 3259 253 3350 religiosi

29 3367 113 3436 antus
141 3378 253 3438 sancte

29 3467 69 3540 liti
86 3469 252 3566 principis,

29 3595 33 3644 ι
57 3597 114 3670 per
142 3583 251 3674 ipsum

29 3687 250 3764 monstrando.

29 3791 56 3862 sl
73 3814 130 3886 pro
144 3795 250 3868 salute

29 3917 107 3972 ream
126 3901 248 3974 ibidem

29 4011 76 4078 tte
94 4009 195 4082 biurio
216 4019 248 4076 et

29 4111 101 4188 dens
121 4113 247 4188 lemida

29 4223 105 4296 uin
132 4223 246 4296 eodem

32 4331 185 4404 inlittore
206 4347 244 4398 cr

29 4455 48 4507 te
75 4439 245 4525 dandoque

29 4546 242 4659 amularium

29 4653 114 4739 erto,
148 4672 186 4724 ac
208 4651 243 4718 in

29 4777 63 4832 us
82 4767 137 4833 aut
157 4761 241 4850 ipso

29 4885 43 4938 a
68 4867 238 4939 obmttcns

29 4971 88 5048 tini
108 4977 141 5046 iu
155 4973 237 5042 litto

29 5083 75 5152 iti.
105 5083 140 5154 ln
161 5093 236 5166 quo

36 5190 105 5261 moli
132 5183 235 5276 gratii-

29 5301 93 5368 aet
112 5301 233 5366 eontra·

418 2810 570 2882 disslmis
592 2812 632 2880 iu
650 2807 790 2880 Christo
812 2807 985 2900 patribus,
1009 2805 1164 2878 dominis
1189 2859 1470 2876 .........
1494 2807 1655 2896 ecclesie]
1681 2808 1952 2902 metropolitane

418 2917 630 2992 Gnosueusis
654 2915 921 3008 archiepiscopo
951 2967 1197 2986 ........
1227 2915 1395 3006 episcopo
1425 2913 1677 2987 Pennaniensis
1708 2916 1951 3004 ecclesiarum,

417 3043 549 3098 necnon
570 3021 713 3109 validis,
745 3023 998 3113 strennuisque
1019 3023 1124 3092 viris:
1169 3020 1295 3093 Iacobo
1319 3019 1365 3093 de
1393 3023 1656 3112 Konpocapolye
1677 3023 1837 3116 palatino
1861 3023 1952 3096 Sira-

417 3131 537 3218 diensi,
567 3131 734 3206 Mosoicio
757 3129 1000 3214 Poananiensi,
1030 3127 1191 3201 lanusslo
1222 3127 1267 3200 do
1289 3128 1448 3202 Soboloao
1482 3128 1690 3217 Gneanensi,
1722 3131 1884 3204 Iauussio
1907 3131 1952 3205 dc

419 3241 606 3312 moranno
627 3238 867 3312 Kaliscbionsi
889 3237 1105 3322 acacianis,
1131 3236 1298 3328 [alijsquo
1320 3237 1494 3328 pluribus]
1519 3240 1650 3310 nortus
1673 3237 1842 3312 fidelibus
1865 3239 1952 3312 iide

418 3346 541 3438 dignis.
586 3346 722 3419 Datum
758 3364 823 3438 per
856 3365 985 3418 manus
1020 3343 1238 3417 honorabilis
1276 3343 1414 3416 Nicolal
1447 3346 1620 3438 prepositi
1651 3349 1769 3418 sancti
1796 3345 1953 3421 Floriani

419 3459 498 3528 ante
519 3454 738 3542 Cracouiam,
761 3456 864 3546 regni
886 3453 1030 3526 Polonie
1052 3451 1346 3544 vicecancellarii
1370 3450 1473 3525 nobis
1496 3456 1635 3525 sincere
1657 3451 1788 3526 dilecti.
2047 3453 2050 3460 ’

571 3669 595 3728 Ζ
613 3673 794 3744 mamper
811 3685 827 3726 a
844 3685 868 3726 r.
887 3667 967 3738 1480,
985 3665 1222 3742 pmchomago
1240 3683 1265 3724 w
1282 3666 1430 3740 oryginale
1452 3665 1555 3726 bardae
1581 3665 1799 3742 mmmmm,
1817 3685 1833 3726 a
1850 3669 1949 3743 wyth-

418 3757 479 3816 tant
497 3757 579 3818 kttku
596 3757 744 3828 dammi,
761 3773 788 3816 w
805 3755 959 3817 archivum
976 3756 1132 3828 macarem
1149 3774 1176 3813 rr
1193 3756 1340 3816 Pomania
1358 3755 1489 3831 (Wronki
1507 3755 1622 3816 noma
1641 3757 1679 3816 N.
1697 3757 1737 3830 2).
1796 3817 1799 3824 ,

573 3941 598 4014 ¹)
621 3935 738 3996 erbo'
753 3937 857 3998 aninlo
875 3954 902 3994 π
918 3935 1060 4008 hlestrrlc
1078 3933 1288 4012 ροιιώΗοω,
1305 3951 1377 4010 pon.
1395 3935 1615 3996 mmotulokim.

421 4333 472 4404 96.
518 4335 617 4407 1406.
642 4331 700 4406 dio
722 4338 777 4407 14.
801 4333 937 4405 mensis
959 4330 1063 4416 Iunii,
1085 4329 1294 4404 Posaantaa.
1318 4359 1321 4368 r
1469 4287 1477 4300 ο

573 4531 734 4622 lienlgus
757 4527 917 4615 Keustot,
940 4524 1238 4614 Bemhardusdo
1262 4527 1493 4602 Glnsterberk
1515 4533 1552 4600 et
1573 4527 1798 4604 Borchardus
1821 4530 1953 4636 Darrca

337 4699 340 4704 .
419 4637 543 4731 oppido
566 4642 603 4711 et
624 4638 795 4712 fortalitio
820 4639 953 4710 Woleca
975 4635 1172 4710 Wiadislao
1195 4635 1236 4708 lt
1259 4637 1337 4726 regi
1360 4635 1526 4708 Potoniao
1548 4635 1689 4710 cedunt

573 4851 648 4928 Nos
677 4853 838 4943 Honlgus
868 4851 1028 4937 Kenstet,
1062 4850 1294 4924 Bembardus
1329 4849 1373 4923 de
1406 4849 1636 4924 Giusterbcrk
1665 4857 1702 4926 et
1723 4851 1951 4928 Borchardus

420 4953 545 5034 Deuca
566 4965 692 5034 notum
714 4959 881 5046 iacimus,
912 4958 1041 5051 quibus
1065 4959 1218 5053 expedit,
1242 4955 1431 5044 uniuersis,
1462 4959 1557 5050 quod
1580 4965 1746 5052 quamuis
1771 4965 1954 5036 serenissi-

420 5065 531 5142 aimus
552 5071 730 5164 princeps,
761 5067 939 5153 dominus,
969 5066 1137 5141 doudnus
1162 5067 1367 5140 lladislaus
1389 5065 1457 5140 Dei
1486 5070 1608 5157 gracia
1629 5089 1692 5140 rex
1720 5069 1864 5143 Polonie
1886 5075 1953 5144 etc.

423 5169 584 5250 dominus
607 5179 730 5249 noster
752 5177 1040 5264 graciosissimus
1062 5177 1256 5266 unicuique
1278 5174 1403 5247 volens
1425 5177 1606 5247 iusticiam
1628 5175 1758 5262 iacere,
1790 5176 1894 5250 nobis
1916 5182 1956 5250 in

421 5275 512 5368 lacto
543 5284 667 5379 oppidi
689 5287 974 5374 munitionisque
996 5287 1033 5356 et
1055 5281 1221 5376 fortalicij
1250 5285 1400 5372 Wotoa1)
1428 5303 1492 5377 pro
1514 5285 1657 5356 iusticia
1688 5284 1855 5358 iacienda
1877 5306 1953 5380 prc-

420 5379 507 5462 latos
530 5395 566 5466 et
587 5391 739 5464 bamnes
762 5394 820 5463 sui
844 5391 980 5484 consti]
1006 5391 1124 5464 locare
1137 5395 1183 5462 et
1205 5410 1338 5484 ponere
1360 5391 1542 5477 voluisset,
1566 5411 1631 5463 nos
1653 5397 1776 5466 tamen
1799 5395 1952 5466 clemen·
2007 5429 2009 5434 ·

420 5493 511 5570 uam
531 5502 647 5594 ipsius
670 5500 837 5572 omnibus
859 5501 1060 5590 graciosum
1089 5501 1301 5583 sancientes,
1336 5501 1517 5572 iusticiam
1549 5519 1632 5572 cum
1665 5502 1744 5596 ipso
1774 5505 1950 5596 temptare

1735 5625 1785 5688 18·
