4722 6360
202 377 322 475 ..88

277 585 437 658 eliciensi
453 587 490 658 et
505 586 692 678 capitaneo
708 575 947 672 Oracoulensl,
972 573 1146 658 mnitibus
1168 581 1301 659 nostms
1324 577 1493 660 fidelibus
1516 579 1657 662 dilectis
1680 579 1815 684 etalijs

277 692 576 788 quamplurimis
599 691 804 786 ildedignls.

260 851 267 862 ⁸
342 869 344 874 ’
438 907 598 968 murum
615 911 774 972 seeum
792 909 959 986 suspen
976 908 1185 982 emens..
1203 883 1540 972 namurci-'mos

342 1093 344 1098 ’
453 1107 1443 1188 ·ιιυιιιιιιοιιωιωιωιωωνοιυιυιιοιοιωι
1499 1090 1511 1186 ζ

276 1614 333 1688 ⁹2·
379 1617 480 1704 1406.
501 1591 563 1690 dle
585 1619 641 1691 30.
665 1583 800 1690 mensis
822 1615 969 1710 Aprilis,
994 1611 1169 1690 Gnesnae.
1294 1619 1298 1626 ’
1384 1641 1389 1652 ¹
1523 1627 1530 1647 ·

355 1809 357 1813 Ι
439 1847 609 1924 Nicoieus
640 1851 929 1945 achiepiscopus
948 1846 1171 1941 ¹(inesnensts
1200 1849 1345 1922 vicariis
1385 1847 1557 1921 ccclesiae
1600 1845 1815 1922 Gnoenansis

275 1955 455 2032 decimum
477 1949 523 2032 de
544 1960 633 2036 villa
654 1962 752 2052 Gora
775 1958 923 2034 conlert
989 2057 991 2064 y

312 2173 319 2232 1
437 2192 479 2268 In
500 2197 647 2268 nomine
679 2191 826 2268 Domini
860 2213 977 2268 emen.
1023 2193 1115 2268 Οιιιιι
1146 2195 1241 2268 inter
1273 2193 1382 2268 butus
1413 2192 1527 2268 seculi
1560 2190 1813 2266 marcescibilis

274 2299 501 2376 blmdientes
539 2301 699 2389 delicies,
737 2303 991 2396 prestaucius„
1005 2305 1054 2376 sit
1090 2299 1349 2374 desideriorum
1386 2301 1573 2374 celestium
1611 2303 1814 2372 construere

274 2407 512 2482 icmdamenta
534 2414 572 2484 et
594 2415 798 2484 eternorum
820 2412 956 2484 intuitu
977 2413 1155 2484 seminare
1177 2413 1217 2484 in
1231 2412 1347 2497 terris,
1371 2407 1565 2502 quodcum
1580 2405 1813 2500 multiplicato

246 2511 397 2590 'imctu
427 2517 634 2610 recolligere
666 2519 853 2592 valeamus
888 2521 927 2590 in
965 2519 1063 2605 celis,
1100 2518 1251 2611 proinde
1284 2537 1350 2590 nos
1387 2517 1557 2591 Nicolaus
1594 2515 1662 2588 Dei
1692 2515 1815 2606 gracia

275 2629 401 2697 sancte
424 2626 575 2700 ecclesie
598 2627 817 2700 (ineenensis
842 2625 1142 2720 archiepiscopus,
1172 2625 1423 2718 significemus
1445 2631 1568 2698 tenore
1590 2623 1814 2748 presencium

272 2733 463 2820 uniuersis,
486 2737 563 2806 tam
585 2735 823 2827 presentibus,
847 2755 957 2827 quam
979 2735 1122 2820 futuris,
1152 2733 1249 2826 quod
1278 2737 1463 2828 cupientes
1493 2731 1692 2806 deductibus
1720 2749 1814 2803 moa·

272 2842 410 2912 riomm
433 2823 584 2915 ecclesie
607 2842 826 2916 Gneanensis
848 2841 1009 2938 predicte
1036 2863 1244 2916 succurrere
1274 2847 1311 2916 et
1333 2843 1441 2914 saluti
1470 2844 1592 2913 nostre
1622 2859 1664 2911 ac
1692 2835 1813 2930 prede·

274 2967 459 3021 esseorum
482 2955 519 3021 et
541 2971 792 3024 successorum
813 2956 1028 3039 nostrorum,
1053 2950 1401 3044 archiepiscoporum
1416 2948 1679 3023 (incunensium
1691 2945 1814 3017 utilius

272 3056 472 3148 pmuldere,
495 3061 563 3146 (ut)
587 3056 632 3131 de
655 3060 857 3132 consecutis
880 3080 1003 3132 rerum
1026 3058 1224 3132 commodis
1246 3059 1337 3131 ilum
1359 3059 1649 3150 omnipotentem,
1691 3073 1713 3125 a
1745 3071 1813 3178 quo

275 3169 407 3236 cuncta
428 3153 523 3238 bona
545 3166 753 3259 procedunt
784 3188 826 3240 co
849 3167 1056 3249 ieruencius
1078 3167 1322 3260 deprecentur,
1356 3169 1392 3238 et
1422 3167 1462 3238 in
1484 3161 1707 3237 oracionibus
1739 3179 1814 3288 suis

273 3275 388 3344 nostri
411 3293 455 3345 ac
476 3279 681 3347 nostrorum
712 3273 1006 3368 predecessorum
1029 3279 1067 3349 et
1088 3294 1338 3348 successorum
1371 3277 1575 3346 nostrorum
1606 3287 1814 3344 memoriam

274 3378 411 3454 iaciant
434 3381 594 3473 qualibet
614 3383 706 3456 ieris
729 3387 855 3475 quinte
872 3405 947 3478 vpro
971 3385 1087 3457 salute
1119 3389 1242 3457 nostre
1271 3385 1456 3456 incantata
1482 3383 1596 3452 missa
1624 3397 1738 3468 usque
1768 3372 1813 3447 ad

273 3491 437 3582 tempora
470 3495 591 3563 nostre
612 3479 688 3564 vite
711 3497 747 3564 ei
778 3496 862 3585 post
895 3491 1085 3566 decessum
1119 3497 1283 3565 ausurum
1316 3490 1408 3564 ierie
1439 3485 1598 3562 secunde
1629 3489 1668 3558 in
1702 3485 1813 3558 mlesa

1941 514 2088 598 Nicolso
2111 515 2243 620 longo,
2273 521 2329 604 lla

1939 629 2100 724 predicte
2125 635 2276 710 ecclesie
2298 659 2339 712 n·

2102 745 2165 829 (ua
2186 743 2317 820 retici
2345 797 2350 807 ·

2101 937 2268 1000 mmm
2288 972 2293 991 ι
2336 972 2341 1009 ζ

1939 1024 2179 1099 gnisiniedskicm
2197 1029 2247 1104 (N.
2263 1032 2341 1108 297),

1940 1115 2035 1190 baroli
2051 1117 2210 1180 nutem
2222 1123 2352 1186 ‘ovium

2058 1285 2062 1292 ’
2101 1299 2126 1372 ¹)
2147 1299 2230 1374 θῶν»
2244 1299 2352 1380 iterem

1940 1748 1993 1818 93.
2041 1751 2141 1822 1406.
2165 1747 2224 1824 die
2248 1758 2279 1825 1.
2303 1773 2352 1870 me

1954 2037 1958 2044 ⁴
2100 1945 2258 2022 inemec
2281 1951 2352 2044 sub]

1940 2051 2116 2144 generalis
2138 2059 2301 2144 testatur,
2332 2057 2352 2131 l

1940 2159 2048 2232 terias
2077 2162 2117 2234 in
2147 2162 2234 2235 villu
2263 2164 2352 2238 cade

1938 2268 2053 2356 gostis
2099 2273 2136 2342 et
2180 2269 2352 2346 Vincenti«

1939 2371 2154 2454 vmdiduse.

2097 2572 2138 2646 R.
2183 2573 2224 2647 In
2245 2573 2352 2650 Poeni

1939 2675 2062 2752 Petrus
2093 2679 2139 2753 de
2170 2683 2352 2756 secretam

1906 2860 1915 2875 ,
1938 2805 2054 2872 neco,
2078 2787 2253 2862 lohannes
2275 2791 2352 2864 Dur

2099 2983 2237 3060 Onam!
2263 3005 2352 3063 nerse

1939 3077 2034 3146 irecny
2046 3073 2102 3144 iest
2117 3075 2193 3148 mala
2205 3077 2345 3152 pierepeiq

1939 3161 2028 3234 isiaca
2044 3161 2115 3222 berb
2131 3164 2230 3225 isia.

2097 3345 2119 3417 ¹)
2140 3345 2241 3404 sues
2257 3347 2352 3430 uragu

274 3594 527 3670 detunctorum
549 3618 613 3692 pro
638 3601 759 3673 anime
782 3606 906 3674 nostra
928 3601 1102 3674 Collectas
1125 3597 1339 3692 inponendo,
1363 3615 1555 3690 superque
1572 3594 1811 3668 conscienciae
1913 3650 1921 3664 .
2033 3623 2040 3636 ·

274 3725 619 3793 commoneremus,
643 3713 680 3781 et
702 3709 791 3781 alias
807 3709 1052 3784 ecclesiastica
1074 3696 1182 3782 on'cre
1203 3729 1276 3781 nou
1298 3710 1476 3790 recusant,
1500 3703 1545 3776 de
1558 3699 1814 3826 uenerabilium

272 3811 426 3886 fratrum
450 3817 655 3887 nostrorum
677 3815 903 3890 dominorum
927 3817 1074 3910 capituli
1098 3817 1317 3890 (lucanensis
1333 3815 1481 3888 consilio
1498 3815 1534 3885 et
1548 3829 1700 3884 assensu
1721 3806 1813 3884 dect·

274 3941 372 3992 mem
394 3923 434 3994 in
460 3923 547 3994 ville
569 3925 706 4013 (serpsi
738 3928 778 3998 in
801 3925 967 3998 districtu
999 3927 1196 4000 Dabarensi
1230 3929 1349 4010 sitam,
1385 3922 1618 3994 admoneam
1655 3919 1813 4044 nostram

274 4029 614 4122 archiepiscopalem
647 4032 893 4106 Gneuncnsem
922 4037 1173 4129 pertinentem,
1208 4033 1345 4106 eisdem
1367 4032 1514 4123 vicariis
1546 4023 1811 4134 Gneanensrbus

273 4135 450 4224 dedimus,
488 4137 704 4226 addidimus,
743 4141 970 4230 donauimus,
1009 4144 1317 4236 appropriauimus
1332 4235 1337 4241 .
1353 4145 1390 4212 et
1422 4137 1738 4230 incorporeumus,
1751 4243 1759 4260 ·
1772 4149 1812 4257 aa

271 4245 500 4338 presentibus
531 4246 671 4334 damus,
706 4248 893 4338 donamus,
930 4250 1106 4336 addimus,
1141 4253 1375 4334 annectimus,
1408 4248 1688 4371 appropriemus,
1711 4259 1811 4324 mint·

265 4357 430 4432 stramus
468 4357 505 4426 et
540 4357 820 4449 incorporamus,
864 4364 1010 4452 recepta
1044 4359 1088 4431 ab
1126 4361 1215 4452 ipsis
1247 4359 1393 4450 vicerijs
1426 4375 1492 4448 pro
1526 4355 1739 4426 necessitate
1774 4351 1809 4428 et

271 4460 410 4535 lubrica
433 4459 527 4534 dicte
551 4462 772 4539 Gnecnensis
804 4468 955 4540 ecclesie
979 4471 1076 4540 certa
1107 4469 1342 4561 pecuniarum
1376 4465 1586 4556 quantitate,
1618 4480 1690 4584 per·
1712 4461 1809 4551 ipsos

265 4571 425 4644 ¹vicarios
450 4557 678 4644 Gneancnscs
700 4573 879 4666 predictos
902 4573 975 4668 pro'
990 4581 1150 4668 tempore
1173 4572 1376 4658 tenendam,
1400 4570 1613 4656 habendam,
1640 4567 1809 4692 vtiirucn·

271 4677 358 4750 dam
401 4684 438 4752 et
478 4675 733 4770 possidendam
776 4684 997 4776 temporibus
1040 4685 1223 4776 perpetuis
1245 4677 1453 4754 duraturis.
1507 4679 1643 4750 Herum
1681 4673 1808 4767 quibus

270 4791 436 4860 nostrum
460 4791 497 4859 et
519 4787 607 4860 dicii
630 4791 776 4880 capituli
800 4795 913 4863 nostri
936 4793 1055 4883 sigilla
1088 4812 1247 4886 appensa
1277 4794 1362 4862 sunt
1391 4789 1594 4862 testimonio
1617 4785 1810 4908 literamm.

170 4927 173 4930 ·
269 4893 408 4968 Datum
432 4895 575 4969 (iuuene
589 4897 717 4969 ultime
740 4897 798 4970 die
821 4903 956 4972 mensis
980 4901 1123 4994 Aprilis,
1149 4921 1242 4973 anno
1265 4899 1410 4971 Domini
1434 4893 1623 4968 millesimo
1647 4890 1808 5016 quadran·

269 5007 473 5092 gentcsimo
517 5007 628 5078 sexto.
690 5005 918 5080 Presentibus
959 5007 1223 5080 venerabilibus
1262 5013 1299 5080 et
1335 5004 1601 5079 honorabilibus
1640 4990 1807 5073 domums:

269 5111 418 5184 Nicoleo
461 5111 649 5206 Strosberg
685 5119 877 5207 preposito,
914 5117 1018 5190 Petro
1056 5121 1209 5202 cantore,
1248 5114 1421 5188 liichaele
1450 5112 1648 5213 scolastico,
1686 5105 1808 5180 Iacobo

269 5218 431 5306 custode,
470 5219 591 5292 lielcio
627 5223 848 5310 cancellario,
888 5224 1064 5296 Dobeslao
1099 5223 1144 5296 de
1179 5225 1387 5308 Gecsclwroo,
1426 5222 1530 5293 Petro
1565 5215 1807 5336 dedoluisse,

268 5327 439 5416 Lorcone,
470 5329 969 5419 B01·cone,NicolaoGorka,
1003 5333 1187 5420 Blisborio,
1221 5334 1371 5405 Henrico
1395 5331 1490 5416 Bccl,
1522 5329 1672 5400 ilenrico
1696 5326 1805 5416 Repo.

1940 3793 1989 3863 94.
2037 3795 2136 3868 1406.
2162 3795 2220 3870 die
2242 3803 2274 3872 8.
2299 3820 2352 3874 me

2096 3993 2252 4069 Thomcc
2277 3997 2352 4092 sub]

1824 4125 1830 4134 ·
1940 4099 2095 4188 testetur,
2125 4102 2324 4178 Iacussium

1940 4199 1989 4276 00
2011 4213 2142 4282 marcis
2164 4211 2352 4292 vendidiss

2096 4407 2135 4479 R.
2159 4407 2232 4481 Nos
2245 4409 2352 4484 Thom

1941 4510 1992 4580 uie
2014 4517 2201 4603 generalis,
2233 4519 2352 4608 signifi

1941 4630 2014 4688 now
2048 4621 2166 4696 dicius
2203 4629 2352 4699 Hcezerlt

1942 4723 2042 4800 nobili
2063 4733 2140 4804 viro
2164 4733 2266 4806 Petm
2289 4733 2352 4807 her

1941 4843 2013 4906 nim
2038 4892 2182 4911 .....
2206 4843 2352 4915 racione*

1942 4929 2007 5012 lum
2029 4948 2255 5036 presentibus
2280 4954 2335 5022 est

1942 5039 2026 5121 inire
2048 5058 2195 5126 cctaues
2218 5055 2352 5129 iuuene:

1942 5161 2130 5234 senissimo
2158 5169 2267 5236 sexto.
2314 5165 2352 5238 Pr

1942 5249 2012 5333 lano
2035 5267 2283 5357 Radaimiensi,
2306 5271 2352 5346 Iol
