4448 6210
207 215 275 298 roo

207 424 392 516 presentes
425 423 528 497 111111
563 424 809 517 111111111111·
836 420 1001 498 volumus
1035 444 1115 498 esse
1149 429 1286 511 notum,
1320 416 1530 518 quodcum
1562 445 1675 522 nuper
1704 435 1744 520 1,

208 551 303 604 anne
326 531 471 604 Domini
496 531 684 605 millesimo
709 532 1063 624 quadringentesimo
1095 531 1244 620 decimo,
1276 554 1341 628 per
1370 535 1582 626 Magistrum
1606 542 1743 625 1111111.

207 658 291 711 nem
314 636 580 712 Ohuciierorum
612 639 657 713 de
679 639 838 732 Pmssya
874 661 956 712 cum
992 661 1115 713 eorum
1151 642 1384 735 complicibus
1420 643 1522 714 nohis
1555 649 1591 714 et
1625 646 1741 735 illustr!
1848 685 1852 693 ·

206 749 361 840 principi
399 746 543 820 domino
581 747 797 821 Allexandro
838 748 927 820 alias
966 748 1159 840 Wythowd
1183 768 1325 841 ,magno
1358 749 1442 822 duci
1473 749 1742 842 Lythwanieeq

207 855 346 940 itussie,
370 856 455 927 frati
477 862 600 929 nostro
621 857 756 929 bellum
780 876 824 926 ex
848 859 967 928 causis
984 859 1104 928 minus
1126 859 1233 929 iustis
1256 857 1433 930 hostiliter
1456 863 1594 930 motum
1613 859 1741 961 fuisset,

135 1030 138 1038 .
207 963 368 1054 ipsisque
389 983 454 1056 per
477 984 542 1036 nos
575 968 612 1037 11
642 968 783 1036 nostros
819 966 1074 1057 omnipotentis
1108 963 1176 1036 Dei
1211 965 1386 1038 adiutorio
1408 964 1527 1037 valide
1556 975 1741 1065 prostratis,

207 1070 254 1141 ad
292 1071 386 1142 fines
427 1074 594 1164 territorii
636 1074 865 1165 episcopatus
903 1092 969 1145 sen
1007 1073 1158 1145 ecclesie
1187 1072 1425 1145 Warmiensis
1463 1076 1588 1166 paucis
1626 1073 1741 1160 diebm

207 1175 369 1250 decursis
404 1181 581 1265 venimus,
619 1181 871 1271 intellectoque
908 1178 1044 1253 ibidem
1081 1182 1197 1273 ipsius
1231 1181 1381 1253 ecclesie
1419 1180 1515 1253 bona
1547 1184 1741 1281 consistere,

207 1285 360 1358 eandem
394 1288 584 1359 ecclesiam
619 1289 735 1382 primo
770 1292 808 1359 et
840 1288 929 1360 elias
957 1287 1128 1361 ecclesias
1164 1309 1207 1361 ac
1229 1291 1390 1381 ipsamm
1412 1288 1508 1361 bona
1530 1293 1567 1360 et
1588 1291 1739 1370 subditos

206 1392 275 1465 Dei
298 1397 335 1465 et
356 1393 516 1487 predicte
539 1397 689 1468 ecclesie
705 1416 747 1468 ac
763 1399 964 1469 ceterarum
979 1397 1213 1469 ecclesiarum
1227 1401 1321 1469 terre
1343 1396 1488 1469 Pressie
1503 1398 1738 1489 episcoporum

206 1499 399 1587 laudabilis
422 1502 520 1575 fame
551 1506 685 1576 intuitu
708 1524 730 1576 a
753 1503 1007 1576 deuastacione
1031 1508 1068 1575 et
1089 1503 1266 1596 dampnis,
1300 1509 1476 1596 quantum
1506 1503 1608 1576 nobis
1637 1516 1738 1598 possi.

206 1609 279 1682 bile
302 1612 429 1695 extitit,
452 1610 737 1704 preseruandum
759 1610 939 1708 duximus,
971 1610 1016 1683 ad
1039 1613 1137 1685 viam
1168 1612 1276 1684 aliam
1300 1612 1344 1684 ab
1368 1611 1562 1684 earundem
1585 1614 1739 1692 eeclesia.

207 1738 289 1789 rum
318 1720 505 1790 territoriis
536 1718 762 1804 declinando;
808 1718 956 1792 demum
989 1739 1074 1792 vero
1109 1723 1250 1812 arrepto
1287 1740 1353 1812 per
1387 1720 1564 1792 illustrem
1601 1719 1738 1801 11111111

207 1830 382 1912 nestrum,
412 1846 586 1918 magnum
621 1827 751 1899 ducem
773 1826 985 1928 predictum,
1019 1829 1149 1920 itinere
1181 1826 1227 1899 ed
1256 1827 1524 1918 subiugandum
1554 1830 1590 1899 11
1612 1819 1740 1925 compe

207 1931 383 2006 scendum
406 1934 561 2025 quedam
590 1935 742 2028 predicti
764 1934 899 2007 ordinis
933 1937 1111 2007 territoria
1142 1940 1179 2007 et
1206 1940 1334 2023 castra,
1367 1954 1438 2026 que
1459 1935 1563 2007 nobie
1585 1938 1747 2015 resistere·

208 2041 439 2129 conabantur,
470 2041 688 2130 reuerendus
716 2045 754 2114 in
777 2041 918 2115 Christo
940 2049 1053 2136 pater,
1083 2043 1251 2116 dominns
1274 2044 1459 2129 Hernicus,
1488 2042 1627 2137 prefate
1649 2045 1740 2121 War-

208 2152 357 2222 rniensis
387 2151 538 2223 ecclesie
568 2153 768 2243 episcopus,
799 2148 845 2222 ad
868 2152 1085 2224 instanciam
1115 2149 1339 2243 quorundam
1362 2151 1689 2224 commendatomm
1709 2164 1741 2230 11

207 2257 362 2330 fratrum
393 2257 439 2330 de
471 2258 641 2349 hyaenia,
677 2277 717 2330 se
750 2257 847 2351 apud
879 2257 1016 2331 dictum
1054 2278 1228 2350 magnum
1257 2257 1387 2331 ducem
1416 2259 1565 2331 fratrem
1587 2265 1740 2338 nostum

206 2367 422 2458 interposuit
444 2373 480 2438 et
501 2387 575 2438 rna
598 2387 682 2438 cum
709 2365 997 2439 commendatore
1021 2366 1066 2439 de
1089 2366 1289 2457 Goldingen
1311 2371 1349 2438 et
1370 2386 1502 2458 magno
1524 2373 1741 2460 procuratore

208 2473 255 2565 de
276 2473 448 2564 Lyuonia,
479 2477 540 2566 qui
564 2474 632 2546 snb
654 2477 770 2567 ipsius
793 2474 916 2547 fratris
939 2477 1053 2547 nostri
1075 2474 1177 2546 saluo
1201 2473 1391 2560 conductu,
1423 2476 1474 2547 eis
1504 2494 1568 2567 per
1597 2476 1740 2552 eundem

206 2582 356 2653 1111111111
379 2586 544 2655 nostrum
564 2582 623 2654 ⁴ad
654 2585 869 2676 peticionem
903 2581 989 2654 dicti
1013 2580 1157 2655 (11111111
1180 2585 1337 2676 episcopi
1371 2584 1531 2676 prestito,
1564 2589 1741 2676 propterea

209 2688 255 2761 ad
289 2692 411 2782 ipsum
445 2689 594 2762 11111111
625 2695 788 2763 noenum
810 2695 993 2775 venerant,
1026 2695 1192 2781 treugam
1214 2692 1315 2784 pacis
1350 2689 1397 2762 ad
1419 2689 1636 2782 quindenam
1658 2693 1741 2764 inter

207 2818 273 2869 nos
297 2797 466 2870 hincinde
489 2803 527 2870 et
548 2798 651 2870 nobis
676 2797 898 2883 adherentes,
930 2803 1158 2891 preterquam
1186 2801 1379 2870 existentes
1402 2800 1441 2870 11
1464 2802 1580 2870 castro
1602 2797 1741 2871 Marian-

206 2905 301 2995 burg
323 2905 476 2977 firmiter
499 2906 761 2978 obseruandum
790 2908 970 2990 tractauit,
1001 2909 1055 2977 sic
1077 2905 1173 2998 quod
1196 2909 1266 2998 ipsi
1295 2905 1601 2979 commendatores
1624 2910 1660 2977 11
1680 2905 1741 2978 fre

207 3019 282 3085 tres
305 3013 351 3085 de
374 3013 536 3105 Lyuonia
558 3013 653 3085 infra
675 3012 896 3105 quindenam
918 3012 1127 3085 huiusmodi
1150 3034 1235 3085 cnm
1257 3015 1425 3085 trecentis
1449 3015 1551 3105 equis
1574 3013 1641 3085 sub
1664 3012 1740 3085 dicti

208 3120 344 3193 domini
368 3124 491 3211 magni
521 3120 635 3206 ducis,
666 3121 788 3193 fratris
813 3122 927 3193 nostri
951 3141 1076 3193 securo
1112 3125 1149 3193 11
1172 3122 1274 3193 saluo
1298 3119 1487 3208 conductu,
1524 3120 1571 3193 ad
1592 3125 1740 3193 nostram

208 3234 245 3300 et
266 3231 381 3323 ipsius
405 3229 526 3300 fratris
550 3231 663 3300 nostri
686 3231 912 3321 presenciam
944 3233 1028 3300 ante
1058 3227 1195 3301 dictum
1224 3233 1383 3301 castrum
1405 3227 1634 3319 Mau‘enburg
1654 3230 1741 3300 veni·

207 3342 297 3421 rent,
320 3343 362 3408 vt
383 3335 518 3410 ibidem
543 3334 588 3408 de
610 3339 781 3428 perpetue
803 3339 904 3428 pacis
938 3336 1173 3408 obseruancia
1196 3341 1232 3408 et
1255 3335 1444 3409 sedacione
1467 3354 1683 3427 gwerrarum
1704 3354 1741 3406 ac

207 3443 326 3516 litium
354 3450 477 3536 posset
507 3447 688 3524 internos
712 3443 881 3516 hincinde
904 3444 1130 3516 comodosius
1153 3447 1379 3537 pertractari3
1409 3465 1537 3517 nerum
1566 3449 1608 3516 ut
1628 3442 1740 3515 intele-

208 3555 338 3637 ximus,
372 3550 600 3645 supradictns
624 3550 842 3623 reuerendus
865 3556 976 3644 pater,
997 3552 1234 3624 Warmiensis
1258 3555 1458 3646 episcopus,
1489 3554 1593 3642 quasi
1616 3553 1652 3622 in
1674 3569 1741 3642 pre

209 3663 331 3732 missis
364 3665 400 3731 et
423 3660 505 3752 alijs
534 3662 628 3730 inter
651 3680 717 3731 nos
739 3653 847 3731 factis
872 3664 908 3731 11
931 3663 1094 3732 tractatis
1125 3659 1261 3751 aliquid
1284 3667 1408 3730 contra
1429 3658 1631 3750 predictum
1653 3655 1740 3730 Ordi-

209 3788 293 3840 nem
308 3766 536 3840 machinatus
559 3767 678 3852 fuerit,
702 3787 833 3857 graues
849 3768 1124 3857 obloqucionum
1141 3768 1323 3839 molestias
1346 3772 1383 3839 11
1406 3767 1552 3838 exilium
1575 3765 1619 3837 ab
1643 3763 1741 3836 eccle·

209 3878 265 3947 sia
286 3895 355 3948 sua
384 3879 508 3947 contra
530 3875 647 3946 Deum
672 3879 707 3945 et
730 3876 911 3946 iusticiam
934 3895 1064 3967 passus
1088 3880 1144 3946 est
1174 3880 1210 3946 et
1239 3878 1373 3967 patitur
1396 3873 1440 3946 de
1463 3876 1636 3968 presenti;
1667 3889 1739 3942 cnm

208 3989 331 4055 tamen
363 3983 460 4055 idem
495 3982 661 4055 dominns
694 3983 869 4054 Henricus
905 3985 1094 4074 episcopus
1130 3981 1241 4054 nichil
1276 3987 1399 4054 contra
1431 3985 1551 4074 ipsum
1584 3979 1740 4055 Ordinem

210 4094 412 4176 excesserit,
435 4097 543 4182 prout
565 4096 601 4163 et
625 4092 685 4182 alij
710 4092 868 4183 episcopi
893 4096 985 4161 terre
1000 4090 1163 4175 -Prussie,
1188 4090 1399 4180 adquorum
1418 4093 1578 4162 omnium
1602 4090 1739 4160 denotas

209 4201 405 4290 peticiones
428 4203 465 4270 et
488 4200 674 4282 instantes,
704 4219 815 4269 vnarn
850 4198 1082 4269 ecclesiarum
1115 4218 1264 4269 suarum
1296 4204 1455 4270 nostram
1490 4201 1687 4290 recepimus
1707 4192 1740 4261 in

210 4306 370 4392 tutelam,
409 4326 455 4377 ne
494 4307 538 4377 ab
574 4306 786 4378 exercitibus
821 4308 953 4376 nestris
986 4306 1237 4377 miserabiliter
1271 4305 1534 4398 dampnaretur,
1568 4305 1740 4397 cupientes
1810 4351 1813 4357 -

209 4417 320 4504 igitur
343 4415 498 4486 eundem
520 4412 706 4486 dominum
729 4415 923 4485 Hemicum
939 4414 1203 4485 Warmiensem
1219 4415 1436 4505 episcopum,
1460 4418 1634 4504 quantum
1649 4406 1741 4481 nobis

209 4522 385 4594 rectitudo
418 4523 640 4593 consciencie
671 4527 792 4593 nostre
820 4522 972 4593 sundere
1006 4524 1145 4613 poterit,
1180 4543 1202 4592 a
1236 4527 1321 4593 nota
1347 4522 1578 4613 infamiarrum
1602 4525 1637 4591 et
1658 4513 1741 4587 oblo-

210 4632 411 4721 quclonum‘
443 4636 567 4701 contra
605 4633 724 4721 ipsum
763 4629 939 4701 fallaciter
964 4632 1187 4714 emissarum,
1224 4632 1375 4721 expiare,
1409 4631 1446 4700 in
1477 4633 1632 4721 puritate
1664 4617 1741 4694 fidel

209 4741 330 4810 nostre
355 4744 391 4810 et
413 4741 451 4810 11
474 4737 582 4809 verbe
606 4738 717 4827 regali
748 4741 1037 4828 recognoscimus
1069 4758 1112 4809 ac
1142 4740 1220 4808 sine
1251 4736 1472 4808 admixcione
1503 4738 1652 4809 alicuius
1680 4725 1740 4799 doli

208 4853 332 4917 tenore
362 4848 588 4939 presencium
612 4845 832 4936 profitemur,
869 4844 965 4935 qnod
994 4845 1090 4916 idem
1122 4843 1288 4916 dominus
1319 4845 1493 4916 Henriens
1517 4835 1741 4916 Warmiensis

207 4974 395 5044 uunquam
432 4952 527 5045 apud
561 4972 626 5024 nos
652 4953 787 5042 aliquid
821 4954 906 5024 mali
943 4973 1006 5044 per
1034 4973 1134 5023 snas-
1150 4955 1400 5042 suggestiones
1425 4956 1487 5024 aut
1510 4957 1742 5042 quascumque

207 5081 337 5154 operas
361 5064 483 5131 contra
514 5060 714 5152 predictum
740 5060 908 5132 Ordinem
932 5065 987 5130 est
1010 5079 1073 5130 seu
1098 5059 1167 5130 fnit
1191 5060 1427 5144 machinatus,
1456 5059 1521 5156 sed
1544 5075 1665 5130 reuera
1687 5067 1742 5142 pr⁰

208 5171 303 5242 bono
326 5173 400 5241 tam
422 5171 538 5263 ipsius
563 5167 715 5254 Ordinis,
740 5189 848 5258 quam
873 5168 1068 5239 incolarum
1093 5173 1128 5239 et
1152 5174 1243 5239 terre
1258 5167 1400 5239 Prussie
1416 5166 1627 5258 diligencius
1651 5154 1741 5231 insti·
1820 5222 1823 5229 .

2072 4233 2172 4306 Ioanr

1923 4356 1982 4409 nae
2005 4342 2172 4413 ecelesiae

1924 4454 1991 4519 ium
2014 4448 2140 4521 reddit.

2073 4645 2172 4717 lohar

1926 4753 2063 4826 ecclesie
2092 4751 2172 4824 card

1928 4854 1956 4924 111
1979 4859 2117 4932 christo
2139 4881 2172 4952 pi

1928 4960 1957 5030 in
1981 4967 2172 5040 absencia]

1930 5070 2083 5167 Salucijs,
2114 5078 2170 5167 ips

1933 5174 2041 5253 literas
2067 5186 2172 5276 inape·
