4720 6360
324 425 391 496 lei

293 705 297 716 ¹
323 621 456 694 meruit
480 621 577 694 etin
600 620 763 696 lotorum
798 623 904 696 euoto
936 621 1124 696 iidelitetls
1155 619 1274 696 studio
1306 625 1529 718 presleuoius
1561 627 1691 717 polenii
1710 627 1861 722 ¹eomple-

328 749 418 814 eem,
441 728 571 802 borum
595 730 728 802 intuitu
751 729 912 804 volentes
940 733 1059 823 ipsum
1090 731 1256 824 specialis
1286 733 1407 822 grecie
1435 733 1602 826 prosequi
1623 730 1807 830 lenonibus
1829 747 1862 814 ot

323 836 370 910 ed
393 837 566 928 obsequie
587 841 711 910 nostro
739 837 889 911 reddere
912 839 1079 910 ooolinuo
1113 841 1385 932 prompciorem
1419 839 1491 913 sibi
1522 843 1560 912 iu
1593 845 1629 913 el
1651 859 1760 932 super
1781 843 1862 921 ville

321 947 447 1018 nostre
469 943 665 1034 Oeeoowo¹l
688 947 727 1020 in
750 945 917 1018 distmotu
939 945 1130 1018 Kalisiensi
1154 949 1234 1032 situ
1266 959 1375 1039 quem
1398 949 1487 1020 elios
1511 967 1533 1022 o
1554 946 1657 1020 uobis
1679 945 1806 1020 habuit
1826 955 1861 1028 iu

325 1056 461 1137 ieuule.
495 1051 548 1124 de
573 1055 721 1144 tuigiute
755 1055 886 1126 merois
919 1055 1059 1126 nummi
1089 1052 1300 1128 Polonioells
1324 1057 1495 1139 consueti,
1527 1053 1764 1146 quodrogiute
1785 1064 1860 1134 oolo
2015 1091 2016 1094 ι

324 1179 469 1251 grossos
492 1163 531 1232 in
555 1181 714 1234 meroem
730 1161 928 1254 quamlibet
946 1162 1195 1256 computando,
1219 1165 1380 1254 graciose
1402 1163 1624 1256 prouidimus
1647 1168 1684 1234 et
1705 1163 1862 1256 proulde

324 1287 406 1340 mus
429 1267 560 1340 hoium
588 1271 681 1342 serie
711 1269 902 1344 mediante.
949 1268 1211 1361 Quemquidem
1233 1271 1357 1343 villam
1387 1273 1543 1344 Geooowo
1574 1268 1670 1343 idem
1692 1269 1862 1350 Mertiuue

324 1379 423 1464 (eum
455 1377 554 1448 omni
581 1378 660 1450 lure
690 1381 727 1451 et
748 1377 931 1465 dominio),
966 1377 1097 1470 quibus
1128 1379 1246 1472 ipsum
1279 1378 1346 1450 soll
1368 1377 1570 1463 habuimus,
1594 1397 1677 1450 oum
1700 1379 1861 1458 omuibus

324 1485 440 1578 ipsius
461 1483 687 1571 vtilitatlbns,
711 1484 899 1570 fructibus,
922 1485 1165 1578 mouentibus,
1197 1487 1374 1570 mosibus,
1405 1486 1612 1570 redditibus,
1636 1485 1861 1582 eohemnoqs,

162 1649 169 1662 .
322 1593 567 1687 pertinemus,
606 1593 794 1688 appendijs
834 1591 880 1666 ed
921 1612 1002 1666 eem
1041 1593 1306 1685 quomodolibet
1343 1594 1389 1667 ob
1428 1597 1573 1686 entique
1612 1595 1861 1686 spectantibuq
1953 1586 1960 1607 ’

324 1698 481 1786 hebebit.
512 1699 659 1788 tenebit
682 1703 876 1775 vtiiruetur
908 1706 945 1773 et
975 1701 1128 1796 peoifioe
1156 1699 1364 1795 possidebit,
1398 1721 1584 1794 quousque
1620 1700 1689 1774 sibi
1710 1701 1769 1776 vel
1791 1709 1862 1781 mie

250 1829 252 1834 ·
326 1807 595 1882 suooessombus
626 1830 691 1902 per
720 1831 787 1883 nos
821 1815 884 1882 eut
911 1829 1136 1884 successores
1170 1814 1311 1882 nostros
1343 1809 1437 1883 dioto
1468 1811 1619 1902 uigente
1649 1827 1770 1883 meroe
1790 1831 1862 1904 pen

325 1914 443 1988 solute
465 1914 601 1989 tuerint
623 1919 762 2010 integre
785 1922 822 1990 et
844 1917 890 1990 de
912 1918 1032 2011 pleno;
1056 1917 1187 2010 quibus
1215 1918 1386 1990 exsolutis
1415 1918 1553 2011 prelete
1575 1918 1660 1990 ville
1687 1923 1862 2012 possessio

169 2051 174 2058 ·
326 2022 373 2094 ed
394 2043 462 2096 noo
484 2025 544 2096 uel
567 2044 795 2098 euooessoree
817 2029 959 2098 nostros
994 2025 1136 2098 deuolui
1170 2025 1276 2099 debet
1305 2025 1411 2119 pleno
1442 2027 1529 2097 iure.
1576 2025 1711 2098 Herum
1739 2025 1863 2117 qulbus

325 2131 487 2222 sigillum
504 2135 669 2206 nostrum
685 2121 885 2228 ep'pensum
901 2137 957 2205 est
971 2135 1175 2206 testimonio
1198 2134 1407 2207 litterarum.
1434 2133 1570 2206 Datum
1585 2135 1624 2205 in
1638 2135 1864 2212 &enemim

326 2237 418 2312 ieuie
440 2240 553 2313 tercie
573 2243 738 2334 proxime
765 2245 848 2334 post
878 2240 973 2314 diem
997 2245 1113 2314 senoil
1144 2241 1263 2316 Ieoobi
1293 2241 1453 2335 apostoli,
1477 2260 1570 2314 enno
1591 2239 1737 2314 Domini
1759 2243 1863 2316 mille·

327 2347 420 2420 simo
443 2347 796 2440 quadringentesimo
819 2367 923 2422 nono.
949 2389 992 2402 ·-
1015 2349 1156 2423 Releoio
1180 2349 1327 2440 Sblguel
1349 2347 1572 2424 memobelel.

487 2543 567 2604 usu
583 2545 797 2604 umen
816 2548 851 2606 ιο
868 2547 907 2607 n.
926 2547 990 2618 ιιι,
1016 2565 1032 2604 ι
1058 2545 1209 2621 mmm
1232 2547 1485 2622 parmomo,
1511 2545 1743 2622 mammezo
1757 2547 1863 2622 μιᾳ,

326 2633 1862 2714 wmommkomnem‚okeexegom1mkopoegmnovynwbimplmqlzmmegomm
1957 2660 1959 2663 ·

488 2815 512 2892 ¹)
535 2815 634 2885 meo,
654 2814 719 2874 selei
736 2815 884 2908 wnwoiev.
902 2817 912 2874 i
930 2833 1002 2892 pov.
1020 2815 1165 2888 keilekiin,
1182 2834 1242 2894 pu.
1260 2815 1395 2876 mm
1480 2908 1486 2914 Ι

1424 3069 1451 3122 e

330 3255 405 3324 156.
455 3254 553 3324 1400.
578 3249 636 3324 die
659 3255 713 3324 23.
738 3252 874 3324 mensis
897 3253 1064 3342 Augusti,
1088 3253 1127 3323 ln
1149 3253 1380 3323 Butownieo.

432 3547 435 3555 Ι
491 3447 688 3629 Ρὲἱοὶῖἱεέιιιε
713 3405 912 3541 Gryiyolski
937 3417 1125 3522 eeclesiam
1141 3447 1383 3542 parochialem
1401 3449 1439 3520 iu
1455 3449 1718 3520 li'ioeeolsoooioe
1739 3449 1862 3520 iterum

328 3557 434 3647 erigit
457 3562 494 3628 et
618 3611 625 3626 .
681 3637 689 3650 ,

490 3753 529 3826 R.
577 3753 792 3827 Pmibisleus
823 3753 1033 3846 Griszynskl
1061 3754 1165 3828 heres
1196 3757 1235 3827 in
1266 3755 1410 3826 Brenno
1434 3753 1670 3845 dominusque
1692 3755 1731 3826 in
1753 3753 1863 3822 Boeo

328 3884 440 3954 wpeoz
462 3865 499 3935 et
520 3865 803 3952 Lloszolsowyeee
826 3883 857 3934 o.
875 3862 918 3933 D.
944 3866 1031 3934 1409
1054 3865 1093 3935 in
1115 3863 1241 3953 viffl'lio
1261 3861 1295 3933 b.
1319 3861 1560 3933 Bartholomei
1582 3861 1743 3954 apostoli,
1766 3876 1863 3940 euno,

329 3991 398 4062 quo
423 3970 575 4042 ecclesie
597 3970 759 4063 predicte
781 3974 837 4042 est
860 3975 979 4042 erecta
1001 3975 1038 4042 et
1060 3970 1105 4042 de
1128 3989 1221 4042 nouo
1246 3969 1424 4052 edificata„
1448 3988 1532 4040 oum
1556 3971 1712 4040 menime
1733 3973 1862 4058 gwerre

329 4084 365 4150 et
388 4079 577 4151 elteroeoio
611 4083 667 4150 est
698 4078 796 4151 ieote
830 4081 924 4150 inter
954 4079 1225 4150 serenissimum
1259 4079 1458 4170 prinoipem
1482 4075 1718 4148 Wledisleum
1749 4069 1861 4164 regem

182 4227 187 4238 ·
328 4186 473 4259 Polonie
504 4191 541 4258 et
566 4185 778 4270 Cruoiieros,
814 4207 855 4257 ze
890 4185 1004 4275 zgode
1037 4187 1136 4258 brool
1171 4186 1295 4277 swyoh
1329 4183 1530 4274 rodzouyoh
1561 4183 1749 4275 Andmejo,
1777 4182 1863 4254 lene

328 4297 339 4365 i
365 4293 557 4385 Wyszeke‚
586 4293 739 4388 lunduje
757 4313 805 4366 na
820 4313 923 4366 nowo
942 4293 1078 4365 kosoiti
1092 4293 1294 4386 parelialny
1309 4291 1453 4384 NMerpi
1478 4291 1601 4382 Penuy
1615 4295 1628 4363 i
1642 4284 1862 4383 Wszystkioh

329 4383 508 4492 So‘ietyoh
536 4423 592 4473 we
619 4407 686 4474 wsi
721 4405 1025 4488 Wloszolsowicq¹l
1057 4403 1239 4495 poniewai
1274 4401 1409 4492 obeony
1438 4403 1525 4494 jego
1547 4398 1675 4488 medea
1697 4399 1751 4471 ks.
1775 4397 1862 4468 Plolr

328 4509 483 4584 Bronski
517 4510 576 4582 (lla
598 4511 794 4602 zupelnego
829 4509 978 4603 upedku
1012 4509 1183 4600 lundooyi
1217 4509 1331 4602 olluiej
1369 4512 1422 4598 sie
1457 4511 1640 4600 utmpmet
1669 4511 1728 4581 ule
1760 4503 1861 4580 mole.

331 4639 353 4690 a
375 4621 387 4691 i
409 4615 591 4711 przedtem
614 4637 633 4688 ι
657 4621 760 4708 tegoi
783 4617 935 4710 powodu
962 4617 1162 4710 probostwo
1187 4622 1223 4689 to
1247 4637 1348 4709 przez
1384 4617 1529 4708 dluiszy
1561 4637 1641 4689 oues
1664 4609 1860 4688 wakowelo.

329 4727 512 4799 Fundator
535 4743 749 4819 pmezuoozo
772 4745 820 4797 ue
841 4727 1101 4818 wspomoteuie
1125 4730 1146 4796 2
1170 4745 1340 4816 gruywnp
1362 4744 1490 4816 grosny
1513 4743 1684 4814 roozuego
1708 4734 1860 4812 coynszu.

327 4835 431 4906 litore
454 4837 615 4927 napisuje
638 4853 685 4906 oo
709 4837 794 4927 swej
820 4836 887 4906 wsi
911 4837 1170 4922 Bomonicae
1194 4833 1287 4926 delej
1308 4833 1418 4926 jednq
1442 4853 1611 4924 grzywnq
1634 4833 1800 4925 zopisenq
1820 4839 1862 4894 ne

328 4945 394 5014 wsi
418 4945 625 5028 Grotnizciq
663 4943 675 5013 l
703 4941 814 5033 jodnq
836 4963 1003 5033 gmywnq
1026 4943 1196 5035 oopisenq
1218 4960 1266 5013 uo
1291 4943 1620 5022 ll'loseolsowicoob,·
1653 4939 1773 5031 gdyby
1807 4929 1860 5002 2³⁶

330 5053 417 5122 wsie
440 5055 477 5122 te
499 5069 601 5143 przez
617 5053 850 5138 oleseozqioie
866 5051 1103 5144 opustoszaly,
1128 5054 1305 5121 wtenozes
1319 5047 1600 5142 proboszonowie
1616 5049 1714 5140 mojq
1728 5035 1859 5139 pierwsl

330 5159 418 5251 swtj
445 5145 574 5250 ouynsz
598 5179 616 5230 z
640 5157 725 5229 nich
748 5159 914 5251 pobiereo'
937 5163 949 5230 i
973 5179 991 5229 z
1015 5157 1233 5249 wszystkich
1248 5156 1308 5228 ioh
1327 5154 1523 5230 doohodow
1545 5179 1579 5228 ιι.
1604 5177 1637 5250 p.
1661 5177 1680 5228 ι
1704 5151 1859 5244 mlyntw·

328 5267 464 5361 Oprbou
499 5273 582 5356 tego
616 5269 816 5359 otrzymujq
849 5267 1130 5360 proboszozowie
1165 5267 1263 5356 mlyn
1295 5286 1350 5338 we
1391 5268 1712 5352 Wloseokoeoioaei,
1745 5266 1860 5338 maol

207 5399 211 5406 ’
328 5375 425 5472 biely
447 5375 614 5466 mlynieq
642 5395 736 5447 wran
764 5395 804 5447 ee
837 5380 986 5448 stowem
1015 5377 1026 5446 i
1056 5373 1256 5470 dopiywem
1286 5378 1297 5446 i
1326 5373 1527 5470 odplywem
1550 5375 1651 5466 tegoi
1679 5376 1691 5444 i
1718 5364 1859 5442 walnen

2039 949 2139 1038 muje
2160 943 2308 1038 proboso
2324 923 2328 1018 l

2223 1051 2308 1124 wol
2323 1027 2329 1170 ἶ

2057 3323 2166 3416 petris
2189 3323 2225 3390 el
2247 3317 2321 3390 don
2354 3394 2356 3397 ,

2058 3427 2243 3518 generalis,
2266 3418 2360 3496 dieo

2057 3541 2105 3609 sis
2141 3556 2183 3609 ee
2204 3535 2360 3677 Vniuers'

2057 3644 2285 3716 eoelesiomm
2319 3659 2354 3710 c·

2058 3752 2216 3824 Domino.
2263 3747 2350 3818 Ve

2058 3880 2118 3950 per
2140 3862 2291 3931 moriem
2314 3854 2353 3927 d·

2059 3965 2259 4052 eorundem,
2288 3967 2358 4035 ext

2060 4077 2224 4170 principis
2257 4076 2293 4145 et
2322 4071 2360 4142 d·

2060 4185 2112 4256 ius
2143 4185 2351 4277 patronatus

2060 4293 2141 4376 otro,
2183 4289 2325 4362 domino

2062 4419 2177 4471 mums
2201 4399 2356 4471 oiuiiells

2062 4505 2230 4579 Clementi
2252 4504 2348 4599 pleb

2063 4615 2278 4702 prouidimus
2303 4615 2339 4684 et

2064 4723 2196 4796 cionem
2238 4721 2282 4794 de
2321 4722 2360 4790 ei

2064 4829 2212 4904 eundem
2235 4829 2358 4902 oeuo'

2064 4937 2159 5009 vobis
2191 4943 2228 5011 et
2260 4936 2360 5009 ouili

2065 5051 2182 5119 sancte
2214 5044 2336 5118 obedio

2066 5145 2243 5226 dominum
2266 5153 2354 5224 Nico

2067 5273 2142 5331 mm·
2163 5263 2350 5334 oenonioot

2075 5371 2279 5443 auctoritate
2302 5370 2355 5439 in
