<?xml version="1.0" encoding="UTF-8"?>
<!DOCTYPE html PUBLIC "-//W3C//DTD XHTML 1.0 Transitional//EN"
    "http://www.w3.org/TR/xhtml1/DTD/xhtml1-transitional.dtd">
<html xmlns="http://www.w3.org/1999/xhtml" xml:lang="en" lang="en">
 <head>
  <title>
</title>
<meta http-equiv="Content-Type" content="text/html;charset=utf-8" />
  <meta name='ocr-system' content='tesseract 3.04.00' />
  <meta name='ocr-capabilities' content='ocr_page ocr_carea ocr_par ocr_line ocrx_word'/>
</head>
<body>
  <div class='ocr_page' id='page_1' title='image "./codexdiplomatic06zakrgoog_0158.png"; bbox 0 0 4734 6356; ppageno 0'>
   <div class='ocr_carea' id='block_1_1' title="bbox 1861 367 2170 516">
    <p class='ocr_par' dir='ltr' id='par_1_1' title="bbox 1861 367 2170 516">
     <span class='ocr_line' id='line_1_1' title="bbox 1861 367 2170 516; baseline -0.003 -24"><span class='ocrx_word' id='word_1_1' title='bbox 1861 367 2170 516; x_wconf 66' lang='grc' dir='ltr'><strong>,εχ</strong></span> 
     </span>
    </p>
   </div>
   <div class='ocr_carea' id='block_1_2' title="bbox 430 579 1442 726">
    <p class='ocr_par' dir='ltr' id='par_1_2' title="bbox 430 579 1442 726">
     <span class='ocr_line' id='line_1_2' title="bbox 430 579 1442 726; baseline -0.007 -35"><span class='ocrx_word' id='word_1_2' title='bbox 430 601 434 608; x_wconf 51' lang='grc'><strong>’</strong></span> <span class='ocrx_word' id='word_1_3' title='bbox 505 631 536 698; x_wconf 79' lang='lat'><strong>5.</strong></span> <span class='ocrx_word' id='word_1_4' title='bbox 584 619 680 690; x_wconf 72' lang='lat'>1400.</span> <span class='ocrx_word' id='word_1_5' title='bbox 706 615 762 688; x_wconf 87' lang='lat' dir='ltr'><strong>dic</strong></span> <span class='ocrx_word' id='word_1_6' title='bbox 785 621 840 708; x_wconf 72' lang='lat'><strong>25.</strong></span> <span class='ocrx_word' id='word_1_7' title='bbox 867 583 998 687; x_wconf 83' lang='lat' dir='ltr'><strong>mensis</strong></span> <span class='ocrx_word' id='word_1_8' title='bbox 1023 579 1123 699; x_wconf 88' lang='lat' dir='ltr'><strong>lunii,</strong></span> <span class='ocrx_word' id='word_1_9' title='bbox 1147 615 1184 685; x_wconf 92' lang='lat' dir='ltr'><strong>in</strong></span> <span class='ocrx_word' id='word_1_10' title='bbox 1207 615 1442 726; x_wconf 70' lang='lat' dir='ltr'><strong>llosciescgcc.</strong></span> 
     </span>
    </p>
   </div>
   <div class='ocr_carea' id='block_1_3' title="bbox 506 767 2040 1122">
    <p class='ocr_par' dir='ltr' id='par_1_3' title="bbox 506 767 2040 1122">
     <span class='ocr_line' id='line_1_3' title="bbox 665 767 2039 886; baseline -0.006 0"><span class='ocrx_word' id='word_1_11' title='bbox 665 767 877 886; x_wconf 81' lang='lat' dir='ltr'><strong>Laurentius</strong></span> <span class='ocrx_word' id='word_1_12' title='bbox 901 813 1012 886; x_wconf 91' lang='lat' dir='ltr'><strong>abbas</strong></span> <span class='ocrx_word' id='word_1_13' title='bbox 1037 814 1243 884; x_wconf 88' lang='lat' dir='ltr'><strong>monasterii</strong></span> <span class='ocrx_word' id='word_1_14' title='bbox 1267 811 1479 884; x_wconf 88' lang='lat' dir='ltr'><strong>Lubinensis</strong></span> <span class='ocrx_word' id='word_1_15' title='bbox 1503 812 1626 883; x_wconf 91' lang='lat' dir='ltr'><strong>Ioanni</strong></span> <span class='ocrx_word' id='word_1_16' title='bbox 1649 817 1686 882; x_wconf 90' lang='lat' dir='ltr'><strong>et</strong></span> <span class='ocrx_word' id='word_1_17' title='bbox 1707 809 1853 882; x_wconf 87' lang='lat' dir='ltr'><strong>Nicolao</strong></span> <span class='ocrx_word' id='word_1_18' title='bbox 1876 808 2039 880; x_wconf 86' lang='lat' dir='ltr'><strong>scultetis</strong></span> 
     </span>
     <span class='ocr_line' id='line_1_4' title="bbox 506 916 2040 1010; baseline -0.008 -10"><span class='ocrx_word' id='word_1_19' title='bbox 506 927 550 1000; x_wconf 90' lang='lat' dir='ltr'><strong>dc</strong></span> <span class='ocrx_word' id='word_1_20' title='bbox 571 923 770 1006; x_wconf 79' lang='lat' dir='ltr'><strong>Bicilcoceo,</strong></span> <span class='ocrx_word' id='word_1_21' title='bbox 799 922 1002 994; x_wconf 90' lang='lat' dir='ltr'><strong>scultetiam</strong></span> <span class='ocrx_word' id='word_1_22' title='bbox 1035 922 1177 992; x_wconf 75' lang='lat' dir='ltr'><strong>invilla</strong></span> <span class='ocrx_word' id='word_1_23' title='bbox 1208 923 1435 1009; x_wconf 70' lang='lat' dir='ltr'><strong>liodricsaycc</strong></span> <span class='ocrx_word' id='word_1_24' title='bbox 1459 919 1612 1010; x_wconf 76' lang='lat' dir='ltr'>XXXIV</span> <span class='ocrx_word' id='word_1_25' title='bbox 1637 920 1767 992; x_wconf 89' lang='lat' dir='ltr'><strong>marcis</strong></span> <span class='ocrx_word' id='word_1_26' title='bbox 1791 916 1925 1001; x_wconf 78' lang='lat' dir='ltr'><strong>veridit,</strong></span> <span class='ocrx_word' id='word_1_27' title='bbox 1956 936 2040 988; x_wconf 81' lang='lat' dir='ltr'><strong>enrr-</strong></span> 
     </span>
     <span class='ocr_line' id='line_1_5' title="bbox 506 1029 1237 1122; baseline -0.01 -15"><span class='ocrx_word' id='word_1_28' title='bbox 506 1035 666 1122; x_wconf 87' lang='lat' dir='ltr'><strong>clcatquc</strong></span> <span class='ocrx_word' id='word_1_29' title='bbox 689 1032 767 1102; x_wconf 87' lang='lat' dir='ltr'><strong>iura</strong></span> <span class='ocrx_word' id='word_1_30' title='bbox 790 1035 826 1101; x_wconf 93' lang='lat' dir='ltr'><strong>ct</strong></span> <span class='ocrx_word' id='word_1_31' title='bbox 849 1030 972 1102; x_wconf 87' lang='lat' dir='ltr'><strong>oiiicia</strong></span> <span class='ocrx_word' id='word_1_32' title='bbox 994 1029 1237 1102; x_wconf 90' lang='lat' dir='ltr'><strong>scultetorum.</strong></span> 
     </span>
    </p>
   </div>
   <div class='ocr_carea' id='block_1_4' title="bbox 508 1241 2044 1660">
    <p class='ocr_par' dir='ltr' id='par_1_4' title="bbox 508 1241 2044 1660">
     <span class='ocr_line' id='line_1_6' title="bbox 665 1241 2040 1334; baseline -0.004 -17"><span class='ocrx_word' id='word_1_33' title='bbox 665 1246 705 1317; x_wconf 92' lang='lat' dir='ltr'><strong>In</strong></span> <span class='ocrx_word' id='word_1_34' title='bbox 738 1246 909 1334; x_wconf 87' lang='lat' dir='ltr'><strong>(nomino)</strong></span> <span class='ocrx_word' id='word_1_35' title='bbox 944 1244 1068 1318; x_wconf 90' lang='lat' dir='ltr'><strong>sanct&#39;c</strong></span> <span class='ocrx_word' id='word_1_36' title='bbox 1101 1251 1137 1317; x_wconf 90' lang='lat' dir='ltr'><strong>ct</strong></span> <span class='ocrx_word' id='word_1_37' title='bbox 1168 1244 1353 1316; x_wconf 89' lang='lat' dir='ltr'><strong>indiuiduo</strong></span> <span class='ocrx_word' id='word_1_38' title='bbox 1383 1243 1567 1316; x_wconf 78' lang='lat' dir='ltr'><strong>Trinitatis</strong></span> <span class='ocrx_word' id='word_1_39' title='bbox 1604 1265 1720 1316; x_wconf 91' lang='lat' dir='ltr'><strong>amen.</strong></span> <span class='ocrx_word' id='word_1_40' title='bbox 1766 1243 1857 1315; x_wconf 91' lang='lat' dir='ltr'><strong>Illud</strong></span> <span class='ocrx_word' id='word_1_41' title='bbox 1892 1241 2040 1313; x_wconf 89' lang='lat' dir='ltr'><strong>humani</strong></span> 
     </span>
     <span class='ocr_line' id='line_1_7' title="bbox 508 1351 2042 1444; baseline -0.007 -13"><span class='ocrx_word' id='word_1_42' title='bbox 508 1373 635 1430; x_wconf 86' lang='lat' dir='ltr'><strong>sensus</strong></span> <span class='ocrx_word' id='word_1_43' title='bbox 670 1353 846 1443; x_wconf 77' lang='lat' dir='ltr'>fragilitas</span> <span class='ocrx_word' id='word_1_44' title='bbox 870 1356 979 1442; x_wconf 80' lang='lat' dir='ltr'><strong>exigit</strong></span> <span class='ocrx_word' id='word_1_45' title='bbox 1002 1361 1038 1424; x_wconf 94' lang='lat' dir='ltr'><strong>ot</strong></span> <span class='ocrx_word' id='word_1_46' title='bbox 1061 1355 1218 1444; x_wconf 85' lang='lat' dir='ltr'>requirit,</span> <span class='ocrx_word' id='word_1_47' title='bbox 1252 1359 1292 1424; x_wconf 91' lang='lat' dir='ltr'><strong>ut</strong></span> <span class='ocrx_word' id='word_1_48' title='bbox 1326 1358 1510 1442; x_wconf 83' lang='lat' dir='ltr'><strong>gestamm</strong></span> <span class='ocrx_word' id='word_1_49' title='bbox 1544 1372 1665 1424; x_wconf 90' lang='lat' dir='ltr'><strong>rerum</strong></span> <span class='ocrx_word' id='word_1_50' title='bbox 1696 1355 1847 1422; x_wconf 88' lang='lat' dir='ltr'><strong>euentus</strong></span> <span class='ocrx_word' id='word_1_51' title='bbox 1872 1351 2042 1421; x_wconf 91' lang='lat' dir='ltr'><strong>memorie</strong></span> 
     </span>
     <span class='ocr_line' id='line_1_8' title="bbox 510 1457 2044 1554; baseline -0.005 -18"><span class='ocrx_word' id='word_1_52' title='bbox 510 1463 692 1536; x_wconf 91' lang='lat' dir='ltr'><strong>hominum</strong></span> <span class='ocrx_word' id='word_1_53' title='bbox 716 1464 891 1554; x_wconf 86' lang='lat' dir='ltr'><strong>scripturo</strong></span> <span class='ocrx_word' id='word_1_54' title='bbox 915 1464 1117 1534; x_wconf 87' lang='lat' dir='ltr'><strong>testimonio</strong></span> <span class='ocrx_word' id='word_1_55' title='bbox 1142 1467 1178 1533; x_wconf 89' lang='lat' dir='ltr'><strong>et</strong></span> <span class='ocrx_word' id='word_1_56' title='bbox 1193 1463 1338 1533; x_wconf 89' lang='lat' dir='ltr'><strong>testium</strong></span> <span class='ocrx_word' id='word_1_57' title='bbox 1355 1460 1518 1532; x_wconf 80' lang='lat' dir='ltr'><strong>fidelium</strong></span> <span class='ocrx_word' id='word_1_58' title='bbox 1535 1459 1800 1532; x_wconf 90' lang='lat' dir='ltr'><strong>comendentur.</strong></span> <span class='ocrx_word' id='word_1_59' title='bbox 1847 1457 2044 1550; x_wconf 84' lang='lat' dir='ltr'><strong>Eaproptcr</strong></span> 
     </span>
     <span class='ocr_line' id='line_1_9' title="bbox 510 1565 2041 1660; baseline -0.007 -14"><span class='ocrx_word' id='word_1_60' title='bbox 510 1591 573 1646; x_wconf 92' lang='lat' dir='ltr'><strong>nos</strong></span> <span class='ocrx_word' id='word_1_61' title='bbox 596 1570 813 1641; x_wconf 87' lang='lat' dir='ltr'><strong>Lauroncius</strong></span> <span class='ocrx_word' id='word_1_62' title='bbox 837 1568 959 1641; x_wconf 91' lang='lat' dir='ltr'><strong>diuina</strong></span> <span class='ocrx_word' id='word_1_63' title='bbox 987 1571 1220 1640; x_wconf 81' lang='lat' dir='ltr'><strong>miseracione</strong></span> <span class='ocrx_word' id='word_1_64' title='bbox 1245 1569 1366 1652; x_wconf 87' lang='lat' dir='ltr'><strong>abbas,</strong></span> <span class='ocrx_word' id='word_1_65' title='bbox 1397 1568 1559 1640; x_wconf 76' lang='lat' dir='ltr'>Andreas</span> <span class='ocrx_word' id='word_1_66' title='bbox 1590 1571 1695 1660; x_wconf 90' lang='lat' dir='ltr'><strong>prior,</strong></span> <span class='ocrx_word' id='word_1_67' title='bbox 1726 1565 1895 1638; x_wconf 87' lang='lat' dir='ltr'><strong>Nicolaus</strong></span> <span class='ocrx_word' id='word_1_68' title='bbox 1919 1570 2041 1636; x_wconf 91' lang='lat' dir='ltr'><strong>custos</strong></span> 
     </span>
    </p>
   </div>
   <div class='ocr_carea' id='block_1_5' title="bbox 508 1675 2147 1769">
    <p class='ocr_par' dir='ltr' id='par_1_5' title="bbox 508 1675 2147 1769">
     <span class='ocr_line' id='line_1_10' title="bbox 508 1675 2147 1769; baseline -0.005 -18"><span class='ocrx_word' id='word_1_69' title='bbox 508 1685 544 1752; x_wconf 91' lang='lat' dir='ltr'><strong>et</strong></span> <span class='ocrx_word' id='word_1_70' title='bbox 572 1677 739 1750; x_wconf 87' lang='lat' dir='ltr'><strong>Nicolaus</strong></span> <span class='ocrx_word' id='word_1_71' title='bbox 776 1677 943 1768; x_wconf 88' lang='lat' dir='ltr'><strong>clauiger,</strong></span> <span class='ocrx_word' id='word_1_72' title='bbox 978 1678 1151 1750; x_wconf 89' lang='lat' dir='ltr'><strong>iarossius</strong></span> <span class='ocrx_word' id='word_1_73' title='bbox 1174 1678 1377 1769; x_wconf 89' lang='lat' dir='ltr'><strong>prepositus</strong></span> <span class='ocrx_word' id='word_1_74' title='bbox 1415 1677 1515 1748; x_wconf 87' lang='lat' dir='ltr'><strong>Neue</strong></span> <span class='ocrx_word' id='word_1_75' title='bbox 1554 1677 1661 1759; x_wconf 88' lang='lat' dir='ltr'><strong>curie,</strong></span> <span class='ocrx_word' id='word_1_76' title='bbox 1700 1675 1822 1746; x_wconf 83' lang='lat' dir='ltr'><strong>Hence</strong></span> <span class='ocrx_word' id='word_1_77' title='bbox 1862 1675 2041 1763; x_wconf 85' lang='lat' dir='ltr'><strong>ceterique</strong></span> <span class='ocrx_word' id='word_1_78' title='bbox 2141 1692 2147 1706; x_wconf 90' lang='lat'><strong>·</strong></span> 
     </span>
    </p>
   </div>
   <div class='ocr_carea' id='block_1_6' title="bbox 509 1769 2044 2198">
    <p class='ocr_par' dir='ltr' id='par_1_6' title="bbox 509 1769 2044 2198">
     <span class='ocr_line' id='line_1_11' title="bbox 509 1769 2040 1876; baseline -0.005 -17"><span class='ocrx_word' id='word_1_79' title='bbox 509 1788 635 1860; x_wconf 87' lang='lat' dir='ltr'><strong>iratres</strong></span> <span class='ocrx_word' id='word_1_80' title='bbox 660 1784 913 1856; x_wconf 90' lang='lat' dir='ltr'><strong>conuentuales</strong></span> <span class='ocrx_word' id='word_1_81' title='bbox 929 1787 1135 1876; x_wconf 85' lang='lat' dir='ltr'><strong>monasterij</strong></span> <span class='ocrx_word' id='word_1_82' title='bbox 1160 1785 1385 1870; x_wconf 87' lang='lat' dir='ltr'><strong>Lubinensis,</strong></span> <span class='ocrx_word' id='word_1_83' title='bbox 1409 1785 1543 1856; x_wconf 86' lang='lat' dir='ltr'>ordinis</span> <span class='ocrx_word' id='word_1_84' title='bbox 1558 1771 1675 1856; x_wconf 88' lang='lat' dir='ltr'><strong>saneti</strong></span> <span class='ocrx_word' id='word_1_85' title='bbox 1697 1781 1893 1866; x_wconf 73' lang='lat' dir='ltr'>Benedicti,</span> <span class='ocrx_word' id='word_1_86' title='bbox 1917 1769 2040 1852; x_wconf 86' lang='lat' dir='ltr'><strong>notum</strong></span> 
     </span>
     <span class='ocr_line' id='line_1_12' title="bbox 510 1891 2043 1986; baseline -0.006 -18"><span class='ocrx_word' id='word_1_87' title='bbox 510 1896 672 1978; x_wconf 89' lang='lat' dir='ltr'><strong>iacimus,</strong></span> <span class='ocrx_word' id='word_1_88' title='bbox 705 1893 836 1982; x_wconf 78' lang='lat' dir='ltr'><strong>qaubus</strong></span> <span class='ocrx_word' id='word_1_89' title='bbox 869 1893 1019 1986; x_wconf 78' lang='lat' dir='ltr'><strong>expedit,</strong></span> <span class='ocrx_word' id='word_1_90' title='bbox 1044 1895 1231 1976; x_wconf 80' lang='lat' dir='ltr'><strong>uniuersis,</strong></span> <span class='ocrx_word' id='word_1_91' title='bbox 1265 1894 1449 1983; x_wconf 85' lang='lat' dir='ltr'><strong>cupientes</strong></span> <span class='ocrx_word' id='word_1_92' title='bbox 1472 1892 1567 1964; x_wconf 91' lang='lat' dir='ltr'><strong>bona</strong></span> <span class='ocrx_word' id='word_1_93' title='bbox 1589 1892 1795 1982; x_wconf 74' lang='lat' dir='ltr'><strong>monasterii</strong></span> <span class='ocrx_word' id='word_1_94' title='bbox 1821 1891 1934 1962; x_wconf 85' lang='lat' dir='ltr'><strong>nostri</strong></span> <span class='ocrx_word' id='word_1_95' title='bbox 1959 1908 2043 1979; x_wconf 89' lang='lat' dir='ltr'><strong>aug·</strong></span> 
     </span>
     <span class='ocr_line' id='line_1_13' title="bbox 510 1995 2043 2092; baseline -0.005 -16"><span class='ocrx_word' id='word_1_96' title='bbox 510 2005 667 2076; x_wconf 81' lang='lat' dir='ltr'><strong>mantare</strong></span> <span class='ocrx_word' id='word_1_97' title='bbox 691 2007 726 2072; x_wconf 88' lang='lat' dir='ltr'><strong>et</strong></span> <span class='ocrx_word' id='word_1_98' title='bbox 750 2001 942 2074; x_wconf 87' lang='lat' dir='ltr'><strong>auxiliante</strong></span> <span class='ocrx_word' id='word_1_99' title='bbox 966 2001 1118 2072; x_wconf 89' lang='lat' dir='ltr'><strong>Domino</strong></span> <span class='ocrx_word' id='word_1_100' title='bbox 1143 2001 1362 2092; x_wconf 78' lang='lat' dir='ltr'><strong>temporibus</strong></span> <span class='ocrx_word' id='word_1_101' title='bbox 1379 2002 1521 2085; x_wconf 89' lang='lat' dir='ltr'><strong>nostris,</strong></span> <span class='ocrx_word' id='word_1_102' title='bbox 1545 1999 1675 2090; x_wconf 85' lang='lat' dir='ltr'><strong>quibus</strong></span> <span class='ocrx_word' id='word_1_103' title='bbox 1698 2000 1812 2069; x_wconf 79' lang='lat' dir='ltr'><strong>vitam</strong></span> <span class='ocrx_word' id='word_1_104' title='bbox 1835 1995 2043 2068; x_wconf 86' lang='lat' dir='ltr'><strong>duxerimus</strong></span> 
     </span>
     <span class='ocr_line' id='line_1_14' title="bbox 509 2105 2044 2198; baseline -0.005 -15"><span class='ocrx_word' id='word_1_105' title='bbox 509 2113 545 2183; x_wconf 94' lang='lat' dir='ltr'><strong>in</strong></span> <span class='ocrx_word' id='word_1_106' title='bbox 576 2110 754 2194; x_wconf 87' lang='lat' dir='ltr'><strong>humanis,</strong></span> <span class='ocrx_word' id='word_1_107' title='bbox 791 2110 919 2180; x_wconf 89' lang='lat' dir='ltr'><strong>melius</strong></span> <span class='ocrx_word' id='word_1_108' title='bbox 954 2110 1172 2193; x_wconf 81' lang='lat' dir='ltr'><strong>reformare,&#39;</strong></span> <span class='ocrx_word' id='word_1_109' title='bbox 1196 2108 1473 2194; x_wconf 76' lang='lat' dir='ltr'><strong>considerantes,</strong></span> <span class='ocrx_word' id='word_1_110' title='bbox 1510 2106 1605 2198; x_wconf 91' lang='lat' dir='ltr'><strong>quod</strong></span> <span class='ocrx_word' id='word_1_111' title='bbox 1627 2109 1684 2178; x_wconf 92' lang='lat' dir='ltr'><strong>ius</strong></span> <span class='ocrx_word' id='word_1_112' title='bbox 1715 2105 1977 2176; x_wconf 81' lang='lat' dir='ltr'><strong>Theutonicum</strong></span> <span class='ocrx_word' id='word_1_113' title='bbox 2006 2107 2044 2176; x_wconf 92' lang='lat' dir='ltr'><strong>in</strong></span> 
     </span>
    </p>
   </div>
   <div class='ocr_carea' id='block_1_7' title="bbox 356 2213 2044 2416">
    <p class='ocr_par' dir='ltr' id='par_1_7' title="bbox 356 2213 2044 2416">
     <span class='ocr_line' id='line_1_15' title="bbox 356 2213 2043 2308; baseline -0.004 -19"><span class='ocrx_word' id='word_1_114' title='bbox 356 2230 361 2267; x_wconf 86' lang='lat'>¹</span> <span class='ocrx_word' id='word_1_115' title='bbox 509 2217 592 2289; x_wconf 85' lang='lat' dir='ltr'><strong>villa</strong></span> <span class='ocrx_word' id='word_1_116' title='bbox 621 2223 743 2289; x_wconf 88' lang='lat' dir='ltr'><strong>nostra</strong></span> <span class='ocrx_word' id='word_1_117' title='bbox 777 2219 1017 2290; x_wconf 79' lang='lat' dir='ltr'><strong>Moaczeaaieae</strong></span> <span class='ocrx_word' id='word_1_118' title='bbox 1046 2217 1227 2288; x_wconf 89' lang='lat' dir='ltr'><strong>obseruari</strong></span> <span class='ocrx_word' id='word_1_119' title='bbox 1251 2236 1323 2288; x_wconf 90' lang='lat' dir='ltr'><strong>non</strong></span> <span class='ocrx_word' id='word_1_120' title='bbox 1345 2221 1463 2308; x_wconf 87' lang='lat' dir='ltr'><strong>potest</strong></span> <span class='ocrx_word' id='word_1_121' title='bbox 1486 2217 1564 2287; x_wconf 89' lang='lat' dir='ltr'><strong>sinc</strong></span> <span class='ocrx_word' id='word_1_122' title='bbox 1586 2215 1749 2298; x_wconf 87' lang='lat' dir='ltr'><strong>sculteto,</strong></span> <span class='ocrx_word' id='word_1_123' title='bbox 1779 2215 1897 2306; x_wconf 84' lang='lat' dir='ltr'><strong>ipsam</strong></span> <span class='ocrx_word' id='word_1_124' title='bbox 1920 2213 2043 2284; x_wconf 71' lang='lat' dir='ltr'><strong>sillam</strong></span> 
     </span>
     <span class='ocr_line' id='line_1_16' title="bbox 356 2316 2044 2416; baseline -0.004 -20"><span class='ocrx_word' id='word_1_125' title='bbox 356 2316 360 2331; x_wconf 86' lang='lat'>&#39;</span> <span class='ocrx_word' id='word_1_126' title='bbox 509 2326 585 2396; x_wconf 88' lang='lat' dir='ltr'><strong>iuro</strong></span> <span class='ocrx_word' id='word_1_127' title='bbox 616 2323 777 2396; x_wconf 89' lang='lat' dir='ltr'><strong>Nouiiori</strong></span> <span class='ocrx_word' id='word_1_128' title='bbox 811 2324 979 2396; x_wconf 79' lang='lat' dir='ltr'><strong>duximus</strong></span> <span class='ocrx_word' id='word_1_129' title='bbox 1010 2323 1267 2416; x_wconf 86' lang='lat' dir='ltr'><strong>exponendam,</strong></span> <span class='ocrx_word' id='word_1_130' title='bbox 1297 2323 1493 2396; x_wconf 79' lang='lat' dir='ltr'><strong>rendentes</strong></span> <span class='ocrx_word' id='word_1_131' title='bbox 1523 2323 1734 2396; x_wconf 89' lang='lat' dir='ltr'><strong>sculteoiam</strong></span> <span class='ocrx_word' id='word_1_132' title='bbox 1762 2319 1920 2414; x_wconf 89' lang='lat' dir='ltr'><strong>prouidis</strong></span> <span class='ocrx_word' id='word_1_133' title='bbox 1955 2321 2044 2391; x_wconf 90' lang='lat' dir='ltr'><strong>uiris</strong></span> 
     </span>
    </p>
   </div>
   <div class='ocr_carea' id='block_1_8' title="bbox 438 2429 2046 4142">
    <p class='ocr_par' dir='ltr' id='par_1_8' title="bbox 438 2429 2046 4142">
     <span class='ocr_line' id='line_1_17' title="bbox 511 2429 2046 2521; baseline -0.003 -17"><span class='ocrx_word' id='word_1_134' title='bbox 511 2432 656 2504; x_wconf 85' lang='lat' dir='ltr'><strong>iohanni</strong></span> <span class='ocrx_word' id='word_1_135' title='bbox 687 2437 724 2504; x_wconf 88' lang='lat' dir='ltr'><strong>et</strong></span> <span class='ocrx_word' id='word_1_136' title='bbox 752 2433 897 2505; x_wconf 89' lang='lat' dir='ltr'><strong>Nicolao</strong></span> <span class='ocrx_word' id='word_1_137' title='bbox 928 2431 1100 2504; x_wconf 86' lang='lat' dir='ltr'><strong>iratribus</strong></span> <span class='ocrx_word' id='word_1_138' title='bbox 1131 2434 1290 2516; x_wconf 87' lang='lat' dir='ltr'><strong>vterinis,</strong></span> <span class='ocrx_word' id='word_1_139' title='bbox 1326 2431 1489 2504; x_wconf 86' lang='lat' dir='ltr'><strong>scultetis</strong></span> <span class='ocrx_word' id='word_1_140' title='bbox 1521 2431 1566 2502; x_wconf 90' lang='lat' dir='ltr'><strong>de</strong></span> <span class='ocrx_word' id='word_1_141' title='bbox 1595 2433 1776 2514; x_wconf 81' lang='lat' dir='ltr'><strong>Beneowo,</strong></span> <span class='ocrx_word' id='word_1_142' title='bbox 1809 2449 1873 2521; x_wconf 94' lang='lat' dir='ltr'><strong>pro</strong></span> <span class='ocrx_word' id='word_1_143' title='bbox 1898 2429 2046 2518; x_wconf 89' lang='lat' dir='ltr'><strong>triginta</strong></span> 
     </span>
     <span class='ocr_line' id='line_1_18' title="bbox 512 2536 2045 2632; baseline -0.003 -20"><span class='ocrx_word' id='word_1_144' title='bbox 512 2545 661 2632; x_wconf 88' lang='lat' dir='ltr'><strong>quatuor</strong></span> <span class='ocrx_word' id='word_1_145' title='bbox 695 2541 826 2612; x_wconf 90' lang='lat' dir='ltr'><strong>marcis</strong></span> <span class='ocrx_word' id='word_1_146' title='bbox 854 2559 1061 2630; x_wconf 90' lang='lat' dir='ltr'><strong>grossorum</strong></span> <span class='ocrx_word' id='word_1_147' title='bbox 1090 2539 1385 2622; x_wconf 87' lang='lat' dir='ltr'><strong>Bohemicalium‚</strong></span> <span class='ocrx_word' id='word_1_148' title='bbox 1415 2537 1866 2630; x_wconf 52' lang='lat' dir='ltr'><strong>Polonlcelis‘pagamentt</strong></span> <span class='ocrx_word' id='word_1_149' title='bbox 1897 2536 2045 2607; x_wconf 86' lang='lat' dir='ltr'><strong>invilla</strong></span> 
     </span>
     <span class='ocr_line' id='line_1_19' title="bbox 509 2642 2044 2740; baseline -0.003 -20"><span class='ocrx_word' id='word_1_150' title='bbox 509 2652 629 2721; x_wconf 89' lang='lat' dir='ltr'><strong>nostra</strong></span> <span class='ocrx_word' id='word_1_151' title='bbox 651 2649 891 2720; x_wconf 72' lang='lat' dir='ltr'><strong>Moscaeszioee</strong></span> <span class='ocrx_word' id='word_1_152' title='bbox 912 2647 1087 2740; x_wconf 86' lang='lat' dir='ltr'><strong>prodicta:</strong></span> <span class='ocrx_word' id='word_1_153' title='bbox 1119 2647 1245 2719; x_wconf 87' lang='lat' dir='ltr'><strong>dantes</strong></span> <span class='ocrx_word' id='word_1_154' title='bbox 1270 2649 1320 2718; x_wconf 88' lang='lat' dir='ltr'><strong>eis</strong></span> <span class='ocrx_word' id='word_1_155' title='bbox 1353 2652 1390 2717; x_wconf 88' lang='lat' dir='ltr'><strong>at</strong></span> <span class='ocrx_word' id='word_1_156' title='bbox 1419 2665 1542 2719; x_wconf 88' lang='lat' dir='ltr'><strong>corum</strong></span> <span class='ocrx_word' id='word_1_157' title='bbox 1565 2647 1752 2736; x_wconf 88' lang='lat' dir='ltr'><strong>legittimis</strong></span> <span class='ocrx_word' id='word_1_158' title='bbox 1775 2642 2044 2716; x_wconf 89' lang='lat' dir='ltr'><strong>successoribus</strong></span> 
     </span>
     <span class='ocr_line' id='line_1_20' title="bbox 473 2743 2045 2844; baseline -0.003 -16"><span class='ocrx_word' id='word_1_159' title='bbox 473 2743 481 2760; x_wconf 81' lang='grc'><strong>’</strong></span> <span class='ocrx_word' id='word_1_160' title='bbox 510 2757 602 2828; x_wconf 75' lang='lat' dir='ltr'><strong>netu</strong></span> <span class='ocrx_word' id='word_1_161' title='bbox 626 2776 669 2828; x_wconf 85' lang='lat' dir='ltr'><strong>ac</strong></span> <span class='ocrx_word' id='word_1_162' title='bbox 691 2755 881 2830; x_wconf 88' lang='lat' dir='ltr'><strong>nascendis</strong></span> <span class='ocrx_word' id='word_1_163' title='bbox 904 2760 1047 2829; x_wconf 87' lang='lat' dir='ltr'><strong>racione</strong></span> <span class='ocrx_word' id='word_1_164' title='bbox 1070 2755 1240 2828; x_wconf 86' lang='lat' dir='ltr'><strong>sculteoic</strong></span> <span class='ocrx_word' id='word_1_165' title='bbox 1262 2755 1431 2827; x_wconf 87' lang='lat' dir='ltr'><strong>iamdicto</strong></span> <span class='ocrx_word' id='word_1_166' title='bbox 1454 2759 1526 2826; x_wconf 90' lang='lat' dir='ltr'><strong>tres</strong></span> <span class='ocrx_word' id='word_1_167' title='bbox 1540 2755 1696 2826; x_wconf 90' lang='lat' dir='ltr'><strong>&#39;mansos</strong></span> <span class='ocrx_word' id='word_1_168' title='bbox 1718 2753 1849 2825; x_wconf 90' lang='lat' dir='ltr'><strong>liberos</strong></span> <span class='ocrx_word' id='word_1_169' title='bbox 1872 2754 2045 2844; x_wconf 80' lang='lat' dir='ltr'><strong>inparue</strong></span> 
     </span>
     <span class='ocr_line' id='line_1_21' title="bbox 510 2860 2044 2955; baseline -0.002 -21"><span class='ocrx_word' id='word_1_170' title='bbox 510 2883 686 2949; x_wconf 87' lang='lat' dir='ltr'><strong>mensura,</strong></span> <span class='ocrx_word' id='word_1_171' title='bbox 721 2869 793 2936; x_wconf 89' lang='lat' dir='ltr'><strong>tres</strong></span> <span class='ocrx_word' id='word_1_172' title='bbox 818 2869 922 2950; x_wconf 74' lang='lat' dir='ltr'><strong>ortos</strong></span> <span class='ocrx_word' id='word_1_173' title='bbox 954 2865 1174 2950; x_wconf 89' lang='lat' dir='ltr'><strong>thabemam,</strong></span> <span class='ocrx_word' id='word_1_174' title='bbox 1205 2866 1410 2955; x_wconf 87' lang='lat' dir='ltr'><strong>pistrinum,</strong></span> <span class='ocrx_word' id='word_1_175' title='bbox 1444 2863 1597 2948; x_wconf 84' lang='lat' dir='ltr'><strong>labrum,</strong></span> <span class='ocrx_word' id='word_1_176' title='bbox 1628 2867 1797 2946; x_wconf 87' lang='lat' dir='ltr'><strong>sutorem,</strong></span> <span class='ocrx_word' id='word_1_177' title='bbox 1833 2860 2044 2932; x_wconf 89' lang='lat' dir='ltr'><strong>maccellum</strong></span> 
     </span>
     <span class='ocr_line' id='line_1_22' title="bbox 510 2968 2043 3064; baseline -0.001 -22"><span class='ocrx_word' id='word_1_178' title='bbox 510 2973 679 3056; x_wconf 88' lang='lat' dir='ltr'><strong>carnium,</strong></span> <span class='ocrx_word' id='word_1_179' title='bbox 702 2977 846 3064; x_wconf 90' lang='lat' dir='ltr'><strong>pratum</strong></span> <span class='ocrx_word' id='word_1_180' title='bbox 869 2973 1058 3056; x_wconf 88' lang='lat' dir='ltr'><strong>ininsula,</strong></span> <span class='ocrx_word' id='word_1_181' title='bbox 1081 2991 1151 3062; x_wconf 88' lang='lat' dir='ltr'><strong>quo</strong></span> <span class='ocrx_word' id='word_1_182' title='bbox 1174 2971 1305 3044; x_wconf 90' lang='lat' dir='ltr'><strong>dicitur</strong></span> <span class='ocrx_word' id='word_1_183' title='bbox 1318 2973 1571 3058; x_wconf 74' lang='lat' dir='ltr'><strong>olowcoeeeu,</strong></span> <span class='ocrx_word' id='word_1_184' title='bbox 1595 2970 1666 3042; x_wconf 91' lang='lat' dir='ltr'><strong>duo</strong></span> <span class='ocrx_word' id='word_1_185' title='bbox 1689 2971 1823 3060; x_wconf 89' lang='lat' dir='ltr'><strong>iugera,</strong></span> <span class='ocrx_word' id='word_1_186' title='bbox 1848 2989 1918 3060; x_wconf 89' lang='lat' dir='ltr'><strong>que</strong></span> <span class='ocrx_word' id='word_1_187' title='bbox 1936 2968 2043 3058; x_wconf 87' lang='lat' dir='ltr'><strong>wlga-</strong></span> 
     </span>
     <span class='ocr_line' id='line_1_23' title="bbox 510 3077 2044 3176; baseline -0.001 -26"><span class='ocrx_word' id='word_1_188' title='bbox 510 3081 594 3160; x_wconf 89' lang='lat' dir='ltr'><strong>rlter</strong></span> <span class='ocrx_word' id='word_1_189' title='bbox 629 3097 755 3168; x_wconf 76' lang='lat' dir='ltr'><strong>morpy</strong></span> <span class='ocrx_word' id='word_1_190' title='bbox 783 3079 959 3176; x_wconf 80' lang='lat' dir='ltr'><strong>dicemur,</strong></span> <span class='ocrx_word' id='word_1_191' title='bbox 995 3083 1033 3151; x_wconf 93' lang='lat' dir='ltr'><strong>in</strong></span> <span class='ocrx_word' id='word_1_192' title='bbox 1054 3078 1278 3170; x_wconf 89' lang='lat' dir='ltr'><strong>longitudine</strong></span> <span class='ocrx_word' id='word_1_193' title='bbox 1308 3081 1344 3150; x_wconf 92' lang='lat' dir='ltr'><strong>ct</strong></span> <span class='ocrx_word' id='word_1_194' title='bbox 1375 3077 1563 3151; x_wconf 86' lang='lat' dir='ltr'><strong>latitudine</strong></span> <span class='ocrx_word' id='word_1_195' title='bbox 1578 3079 1840 3162; x_wconf 79' lang='lat' dir='ltr'><strong>continentem,</strong></span> <span class='ocrx_word' id='word_1_196' title='bbox 1864 3080 2044 3148; x_wconf 88' lang='lat' dir='ltr'><strong>trecentas</strong></span> 
     </span>
     <span class='ocr_line' id='line_1_24' title="bbox 511 3184 2045 3280; baseline -0.002 -22"><span class='ocrx_word' id='word_1_197' title='bbox 511 3205 595 3258; x_wconf 90' lang='lat' dir='ltr'><strong>oues</strong></span> <span class='ocrx_word' id='word_1_198' title='bbox 625 3207 769 3260; x_wconf 89' lang='lat' dir='ltr'><strong>seruere</strong></span> <span class='ocrx_word' id='word_1_199' title='bbox 801 3193 919 3280; x_wconf 88' lang='lat' dir='ltr'><strong>preter</strong></span> <span class='ocrx_word' id='word_1_200' title='bbox 949 3206 1096 3278; x_wconf 84' lang='lat' dir='ltr'><strong>gregem</strong></span> <span class='ocrx_word' id='word_1_201' title='bbox 1127 3187 1373 3272; x_wconf 88' lang='lat' dir='ltr'><strong>kmethonum,</strong></span> <span class='ocrx_word' id='word_1_202' title='bbox 1405 3191 1556 3278; x_wconf 86' lang='lat' dir='ltr'><strong>quatuor</strong></span> <span class='ocrx_word' id='word_1_203' title='bbox 1585 3189 1747 3258; x_wconf 87' lang='lat' dir='ltr'><strong>iumenta</strong></span> <span class='ocrx_word' id='word_1_204' title='bbox 1769 3184 1945 3270; x_wconf 84' lang='lat' dir='ltr'><strong>indomita</strong></span> <span class='ocrx_word' id='word_1_205' title='bbox 1966 3186 2045 3256; x_wconf 90' lang='lat' dir='ltr'><strong>sine</strong></span> 
     </span>
     <span class='ocr_line' id='line_1_25' title="bbox 512 3291 2044 3387; baseline 0 -23"><span class='ocrx_word' id='word_1_206' title='bbox 512 3292 664 3387; x_wconf 89' lang='lat' dir='ltr'><strong>dampno</strong></span> <span class='ocrx_word' id='word_1_207' title='bbox 688 3299 809 3366; x_wconf 92' lang='lat' dir='ltr'><strong>nostro</strong></span> <span class='ocrx_word' id='word_1_208' title='bbox 833 3301 869 3368; x_wconf 90' lang='lat' dir='ltr'><strong>et</strong></span> <span class='ocrx_word' id='word_1_209' title='bbox 891 3295 1128 3368; x_wconf 87' lang='lat' dir='ltr'><strong>kmethonum</strong></span> <span class='ocrx_word' id='word_1_210' title='bbox 1143 3300 1345 3368; x_wconf 91' lang='lat' dir='ltr'><strong>nostrorum</strong></span> <span class='ocrx_word' id='word_1_211' title='bbox 1364 3293 1604 3368; x_wconf 90' lang='lat' dir='ltr'><strong>residencium</strong></span> <span class='ocrx_word' id='word_1_212' title='bbox 1623 3292 1791 3366; x_wconf 88' lang='lat' dir='ltr'><strong>seruandi</strong></span> <span class='ocrx_word' id='word_1_213' title='bbox 1815 3291 2044 3365; x_wconf 88' lang='lat' dir='ltr'><strong>concedimus</strong></span> 
     </span>
     <span class='ocr_line' id='line_1_26' title="bbox 511 3399 2044 3495; baseline 0.001 -24"><span class='ocrx_word' id='word_1_214' title='bbox 511 3401 599 3492; x_wconf 92' lang='lat' dir='ltr'><strong>ipsis</strong></span> <span class='ocrx_word' id='word_1_215' title='bbox 633 3401 795 3474; x_wconf 89' lang='lat' dir='ltr'><strong>scultetis</strong></span> <span class='ocrx_word' id='word_1_216' title='bbox 831 3407 867 3474; x_wconf 91' lang='lat' dir='ltr'><strong>et</strong></span> <span class='ocrx_word' id='word_1_217' title='bbox 901 3423 1023 3474; x_wconf 89' lang='lat' dir='ltr'><strong>eorum</strong></span> <span class='ocrx_word' id='word_1_218' title='bbox 1061 3402 1275 3495; x_wconf 89' lang='lat' dir='ltr'><strong>sequacibus</strong></span> <span class='ocrx_word' id='word_1_219' title='bbox 1310 3401 1554 3475; x_wconf 90' lang='lat' dir='ltr'><strong>omnimodam</strong></span> <span class='ocrx_word' id='word_1_220' title='bbox 1591 3399 1818 3488; x_wconf 67' lang='lat' dir='ltr'><strong>facultatem</strong></span> <span class='ocrx_word' id='word_1_221' title='bbox 1858 3405 2044 3495; x_wconf 91' lang='lat' dir='ltr'><strong>capturam</strong></span> 
     </span>
     <span class='ocr_line' id='line_1_27' title="bbox 510 3507 2045 3612; baseline -0.001 -32"><span class='ocrx_word' id='word_1_222' title='bbox 510 3510 663 3600; x_wconf 91' lang='lat' dir='ltr'><strong>piscium</strong></span> <span class='ocrx_word' id='word_1_223' title='bbox 691 3511 730 3582; x_wconf 90' lang='lat' dir='ltr'><strong>in</strong></span> <span class='ocrx_word' id='word_1_224' title='bbox 751 3510 834 3582; x_wconf 85' lang='lat' dir='ltr'><strong>lacu</strong></span> <span class='ocrx_word' id='word_1_225' title='bbox 857 3513 978 3612; x_wconf 82' lang='lat' dir='ltr'><strong>nostro</strong></span> <span class='ocrx_word' id='word_1_226' title='bbox 1012 3511 1095 3582; x_wconf 89' lang='lat' dir='ltr'><strong>ville</strong></span> <span class='ocrx_word' id='word_1_227' title='bbox 1119 3509 1296 3582; x_wconf 78' lang='lat' dir='ltr'><strong>ediscenti</strong></span> <span class='ocrx_word' id='word_1_228' title='bbox 1320 3531 1404 3582; x_wconf 94' lang='lat' dir='ltr'><strong>cum</strong></span> <span class='ocrx_word' id='word_1_229' title='bbox 1440 3508 1564 3581; x_wconf 87' lang='lat' dir='ltr'><strong>decem</strong></span> <span class='ocrx_word' id='word_1_230' title='bbox 1588 3509 1801 3602; x_wconf 86' lang='lat' dir='ltr'><strong>gulgustrijs</strong></span> <span class='ocrx_word' id='word_1_231' title='bbox 1837 3514 1873 3582; x_wconf 89' lang='lat' dir='ltr'><strong>et</strong></span> <span class='ocrx_word' id='word_1_232' title='bbox 1895 3507 2045 3581; x_wconf 88' lang='lat' dir='ltr'><strong>totidem</strong></span> 
     </span>
     <span class='ocr_line' id='line_1_28' title="bbox 511 3608 2045 3711; baseline 0 -23"><span class='ocrx_word' id='word_1_233' title='bbox 511 3608 645 3702; x_wconf 81' lang='lat' dir='ltr'><strong>saccis,&#39;</strong></span> <span class='ocrx_word' id='word_1_234' title='bbox 665 3621 727 3709; x_wconf 90' lang='lat' dir='ltr'><strong>qui</strong></span> <span class='ocrx_word' id='word_1_235' title='bbox 748 3619 943 3690; x_wconf 69' lang='lat' dir='ltr'><strong>manaem</strong></span> <span class='ocrx_word' id='word_1_236' title='bbox 966 3618 1190 3711; x_wconf 78' lang='lat' dir='ltr'><strong>appellantur</strong></span> <span class='ocrx_word' id='word_1_237' title='bbox 1212 3621 1250 3690; x_wconf 91' lang='lat' dir='ltr'><strong>in</strong></span> <span class='ocrx_word' id='word_1_238' title='bbox 1272 3618 1377 3708; x_wconf 79' lang='lat' dir='ltr'><strong>wigo,</strong></span> <span class='ocrx_word' id='word_1_239' title='bbox 1402 3623 1438 3690; x_wconf 92' lang='lat' dir='ltr'><strong>et</strong></span> <span class='ocrx_word' id='word_1_240' title='bbox 1459 3637 1571 3711; x_wconf 88' lang='lat' dir='ltr'><strong>paruo</strong></span> <span class='ocrx_word' id='word_1_241' title='bbox 1584 3615 1705 3702; x_wconf 88' lang='lat' dir='ltr'><strong>rethe,</strong></span> <span class='ocrx_word' id='word_1_242' title='bbox 1730 3615 1825 3708; x_wconf 90' lang='lat' dir='ltr'><strong>quod</strong></span> <span class='ocrx_word' id='word_1_243' title='bbox 1843 3618 2045 3690; x_wconf 80' lang='lat' dir='ltr'><strong>eeabredaa</strong></span> 
     </span>
     <span class='ocr_line' id='line_1_29' title="bbox 513 3721 2045 3817; baseline 0.002 -22"><span class='ocrx_word' id='word_1_244' title='bbox 513 3721 650 3810; x_wconf 88' lang='lat' dir='ltr'><strong>dicitur,</strong></span> <span class='ocrx_word' id='word_1_245' title='bbox 686 3730 722 3797; x_wconf 89' lang='lat' dir='ltr'><strong>et</strong></span> <span class='ocrx_word' id='word_1_246' title='bbox 750 3726 925 3798; x_wconf 88' lang='lat' dir='ltr'><strong>fluentem</strong></span> <span class='ocrx_word' id='word_1_247' title='bbox 949 3721 1079 3817; x_wconf 80' lang='lat' dir='ltr'><strong>aquam</strong></span> <span class='ocrx_word' id='word_1_248' title='bbox 1111 3731 1209 3797; x_wconf 88' lang='lat' dir='ltr'><strong>extra</strong></span> <span class='ocrx_word' id='word_1_249' title='bbox 1240 3724 1352 3811; x_wconf 89' lang='lat' dir='ltr'><strong>lacus,</strong></span> <span class='ocrx_word' id='word_1_250' title='bbox 1384 3745 1454 3817; x_wconf 89' lang='lat' dir='ltr'><strong>que</strong></span> <span class='ocrx_word' id='word_1_251' title='bbox 1476 3727 1643 3799; x_wconf 66' lang='lat' dir='ltr'><strong>samiae</strong></span> <span class='ocrx_word' id='word_1_252' title='bbox 1664 3724 1756 3796; x_wconf 91' lang='lat' dir='ltr'><strong>solet</strong></span> <span class='ocrx_word' id='word_1_253' title='bbox 1777 3727 1816 3796; x_wconf 90' lang='lat' dir='ltr'><strong>in</strong></span> <span class='ocrx_word' id='word_1_254' title='bbox 1838 3725 1932 3815; x_wconf 78' lang='lat' dir='ltr'><strong>wigo</strong></span> <span class='ocrx_word' id='word_1_255' title='bbox 1956 3745 2045 3798; x_wconf 91' lang='lat' dir='ltr'><strong>nun·</strong></span> 
     </span>
     <span class='ocr_line' id='line_1_30' title="bbox 438 3831 2044 3937; baseline 0.002 -35"><span class='ocrx_word' id='word_1_256' title='bbox 438 3927 443 3937; x_wconf 29' lang='grc' dir='ltr'>Ι</span> <span class='ocrx_word' id='word_1_257' title='bbox 511 3835 641 3925; x_wconf 75' lang='lat' dir='ltr'><strong>cupam,</strong></span> <span class='ocrx_word' id='word_1_258' title='bbox 690 3835 785 3906; x_wconf 91' lang='lat' dir='ltr'><strong>cirea</strong></span> <span class='ocrx_word' id='word_1_259' title='bbox 836 3832 1005 3906; x_wconf 91' lang='lat' dir='ltr'><strong>allodium</strong></span> <span class='ocrx_word' id='word_1_260' title='bbox 1038 3839 1201 3906; x_wconf 89' lang='lat' dir='ltr'><strong>nostrum</strong></span> <span class='ocrx_word' id='word_1_261' title='bbox 1238 3833 1468 3919; x_wconf 84' lang='lat' dir='ltr'><strong>defluentem,</strong></span> <span class='ocrx_word' id='word_1_262' title='bbox 1518 3852 1633 3924; x_wconf 90' lang='lat' dir='ltr'><strong>usque</strong></span> <span class='ocrx_word' id='word_1_263' title='bbox 1665 3831 1711 3905; x_wconf 87' lang='lat' dir='ltr'><strong>ad</strong></span> <span class='ocrx_word' id='word_1_264' title='bbox 1749 3833 1873 3905; x_wconf 74' lang='lat' dir='ltr'><strong>tiliam</strong></span> <span class='ocrx_word' id='word_1_265' title='bbox 1918 3853 2044 3905; x_wconf 90' lang='lat' dir='ltr'><strong>versus</strong></span> 
     </span>
     <span class='ocr_line' id='line_1_31' title="bbox 510 3939 2045 4034; baseline 0.002 -24"><span class='ocrx_word' id='word_1_266' title='bbox 510 3939 674 4026; x_wconf 74' lang='lat' dir='ltr'><strong>numum,</strong></span> <span class='ocrx_word' id='word_1_267' title='bbox 699 3962 722 4013; x_wconf 89' lang='lat' dir='ltr'><strong>a</strong></span> <span class='ocrx_word' id='word_1_268' title='bbox 742 3940 844 4014; x_wconf 86' lang='lat' dir='ltr'><strong>riwlo</strong></span> <span class='ocrx_word' id='word_1_269' title='bbox 858 3961 972 4032; x_wconf 89' lang='lat' dir='ltr'><strong>usquc</strong></span> <span class='ocrx_word' id='word_1_270' title='bbox 989 3939 1035 4013; x_wconf 89' lang='lat' dir='ltr'><strong>ad</strong></span> <span class='ocrx_word' id='word_1_271' title='bbox 1050 3941 1191 4027; x_wconf 89' lang='lat' dir='ltr'><strong>mbum,</strong></span> <span class='ocrx_word' id='word_1_272' title='bbox 1214 3943 1276 4032; x_wconf 87' lang='lat' dir='ltr'><strong>qui</strong></span> <span class='ocrx_word' id='word_1_273' title='bbox 1291 3945 1443 4030; x_wconf 74' lang='lat' dir='ltr'><strong>loseorcv</strong></span> <span class='ocrx_word' id='word_1_274' title='bbox 1466 3943 1544 4012; x_wconf 73' lang='lat' dir='ltr'><strong>ltere</strong></span> <span class='ocrx_word' id='word_1_275' title='bbox 1559 3939 1700 4025; x_wconf 91' lang='lat' dir='ltr'><strong>dicitur,</strong></span> <span class='ocrx_word' id='word_1_276' title='bbox 1724 3941 1825 4013; x_wconf 91' lang='lat' dir='ltr'><strong>littus</strong></span> <span class='ocrx_word' id='word_1_277' title='bbox 1844 3961 1907 4034; x_wconf 90' lang='lat' dir='ltr'><strong>pro</strong></span> <span class='ocrx_word' id='word_1_278' title='bbox 1930 3942 2045 4033; x_wconf 87' lang='lat' dir='ltr'><strong>pisca·</strong></span> 
     </span>
     <span class='ocr_line' id='line_1_32' title="bbox 511 4047 2045 4142; baseline 0 -22"><span class='ocrx_word' id='word_1_279' title='bbox 511 4048 589 4120; x_wconf 83' lang='lat' dir='ltr'><strong>tura</strong></span> <span class='ocrx_word' id='word_1_280' title='bbox 611 4069 694 4122; x_wconf 88' lang='lat' dir='ltr'><strong>cum</strong></span> <span class='ocrx_word' id='word_1_281' title='bbox 725 4047 821 4122; x_wconf 87' lang='lat' dir='ltr'><strong>dicta</strong></span> <span class='ocrx_word' id='word_1_282' title='bbox 853 4048 1025 4122; x_wconf 82' lang='lat' dir='ltr'><strong>defluenti</strong></span> <span class='ocrx_word' id='word_1_283' title='bbox 1058 4069 1161 4140; x_wconf 85' lang='lat' dir='ltr'><strong>aqua,</strong></span> <span class='ocrx_word' id='word_1_284' title='bbox 1195 4050 1383 4140; x_wconf 89' lang='lat' dir='ltr'><strong>inquibus</strong></span> <span class='ocrx_word' id='word_1_285' title='bbox 1417 4051 1534 4142; x_wconf 88' lang='lat' dir='ltr'><strong>ipsam</strong></span> <span class='ocrx_word' id='word_1_286' title='bbox 1557 4049 1777 4140; x_wconf 82' lang='lat' dir='ltr'><strong>piscaturam</strong></span> <span class='ocrx_word' id='word_1_287' title='bbox 1808 4051 1877 4142; x_wconf 89' lang='lat' dir='ltr'><strong>ipsi</strong></span> <span class='ocrx_word' id='word_1_288' title='bbox 1901 4049 2045 4120; x_wconf 78' lang='lat' dir='ltr'><strong>sculteti</strong></span> 
     </span>
    </p>
   </div>
   <div class='ocr_carea' id='block_1_9' title="bbox 342 4120 2045 4252">
    <p class='ocr_par' dir='ltr' id='par_1_9' title="bbox 342 4120 2045 4252">
     <span class='ocr_line' id='line_1_33' title="bbox 342 4120 2045 4252; baseline 0.003 -29"><span class='ocrx_word' id='word_1_289' title='bbox 342 4120 345 4128; x_wconf 38' lang='lat'><strong>⁴</strong></span> <span class='ocrx_word' id='word_1_290' title='bbox 397 4245 400 4252; x_wconf 26' lang='grc' dir='ltr'>Ι</span> <span class='ocrx_word' id='word_1_291' title='bbox 510 4155 547 4225; x_wconf 89' lang='lat' dir='ltr'><strong>et</strong></span> <span class='ocrx_word' id='word_1_292' title='bbox 567 4175 690 4228; x_wconf 89' lang='lat' dir='ltr'><strong>eorum</strong></span> <span class='ocrx_word' id='word_1_293' title='bbox 711 4160 845 4250; x_wconf 89' lang='lat' dir='ltr'><strong>posteri</strong></span> <span class='ocrx_word' id='word_1_294' title='bbox 867 4157 977 4249; x_wconf 82' lang='lat' dir='ltr'><strong>libere</strong></span> <span class='ocrx_word' id='word_1_295' title='bbox 1004 4157 1227 4230; x_wconf 86' lang='lat' dir='ltr'><strong>exercebunt.</strong></span> <span class='ocrx_word' id='word_1_296' title='bbox 1274 4157 1465 4230; x_wconf 87' lang='lat' dir='ltr'><strong>Habebunt</strong></span> <span class='ocrx_word' id='word_1_297' title='bbox 1495 4158 1609 4228; x_wconf 88' lang='lat' dir='ltr'><strong>eciam</strong></span> <span class='ocrx_word' id='word_1_298' title='bbox 1636 4154 1788 4248; x_wconf 88' lang='lat' dir='ltr'><strong>predicti</strong></span> <span class='ocrx_word' id='word_1_299' title='bbox 1810 4157 1955 4228; x_wconf 88' lang='lat' dir='ltr'><strong>sculteti</strong></span> <span class='ocrx_word' id='word_1_300' title='bbox 1978 4161 2045 4228; x_wconf 90' lang='lat' dir='ltr'><strong>ter·</strong></span> 
     </span>
    </p>
   </div>
   <div class='ocr_carea' id='block_1_10' title="bbox 512 4263 2045 4358">
    <p class='ocr_par' dir='ltr' id='par_1_10' title="bbox 512 4263 2045 4358">
     <span class='ocr_line' id='line_1_34' title="bbox 512 4263 2045 4358; baseline 0.004 -26"><span class='ocrx_word' id='word_1_301' title='bbox 512 4263 605 4335; x_wconf 90' lang='lat' dir='ltr'><strong>cium</strong></span> <span class='ocrx_word' id='word_1_302' title='bbox 628 4264 815 4337; x_wconf 88' lang='lat' dir='ltr'><strong>denarium</strong></span> <span class='ocrx_word' id='word_1_303' title='bbox 838 4263 883 4338; x_wconf 90' lang='lat' dir='ltr'><strong>de</strong></span> <span class='ocrx_word' id='word_1_304' title='bbox 916 4285 955 4336; x_wconf 89' lang='lat' dir='ltr'><strong>ro</strong></span> <span class='ocrx_word' id='word_1_305' title='bbox 978 4265 1137 4356; x_wconf 87' lang='lat' dir='ltr'><strong>quelibet</strong></span> <span class='ocrx_word' id='word_1_306' title='bbox 1159 4286 1223 4358; x_wconf 88' lang='lat' dir='ltr'><strong>per</strong></span> <span class='ocrx_word' id='word_1_307' title='bbox 1257 4285 1317 4338; x_wconf 87' lang='lat' dir='ltr'><strong>eos</strong></span> <span class='ocrx_word' id='word_1_308' title='bbox 1331 4265 1514 4352; x_wconf 56' lang='lat' dir='ltr'><strong>,iudicatm</strong></span> <span class='ocrx_word' id='word_1_309' title='bbox 1549 4263 1678 4336; x_wconf 70' lang='lat' dir='ltr'><strong>domm</strong></span> <span class='ocrx_word' id='word_1_310' title='bbox 1702 4267 1817 4336; x_wconf 85' lang='lat' dir='ltr'><strong>ceiam</strong></span> <span class='ocrx_word' id='word_1_311' title='bbox 1839 4265 1929 4358; x_wconf 86' lang='lat' dir='ltr'><strong>ipsis</strong></span> <span class='ocrx_word' id='word_1_312' title='bbox 1952 4265 2045 4338; x_wconf 87' lang='lat' dir='ltr'><strong>soul-</strong></span> 
     </span>
    </p>
   </div>
   <div class='ocr_carea' id='block_1_11' title="bbox 339 4370 2044 4472">
    <p class='ocr_par' dir='ltr' id='par_1_11' title="bbox 339 4370 2044 4472">
     <span class='ocr_line' id='line_1_35' title="bbox 339 4370 2044 4472; baseline 0.003 -33"><span class='ocrx_word' id='word_1_313' title='bbox 339 4463 343 4472; x_wconf 77' lang='lat'><em>,</em></span> <span class='ocrx_word' id='word_1_314' title='bbox 408 4427 412 4432; x_wconf 95' lang='lat'>.</span> <span class='ocrx_word' id='word_1_315' title='bbox 511 4370 591 4442; x_wconf 85' lang='lat' dir='ltr'><strong>tells</strong></span> <span class='ocrx_word' id='word_1_316' title='bbox 625 4375 838 4445; x_wconf 87' lang='lat' dir='ltr'><strong>venacioncs</strong></span> <span class='ocrx_word' id='word_1_317' title='bbox 873 4392 957 4446; x_wconf 92' lang='lat' dir='ltr'><strong>cum</strong></span> <span class='ocrx_word' id='word_1_318' title='bbox 991 4374 1154 4446; x_wconf 89' lang='lat' dir='ltr'><strong>cassibus</strong></span> <span class='ocrx_word' id='word_1_319' title='bbox 1178 4377 1214 4446; x_wconf 89' lang='lat' dir='ltr'><strong>et</strong></span> <span class='ocrx_word' id='word_1_320' title='bbox 1237 4372 1377 4446; x_wconf 88' lang='lat' dir='ltr'><strong>duabus</strong></span> <span class='ocrx_word' id='word_1_321' title='bbox 1399 4372 1572 4445; x_wconf 91' lang='lat' dir='ltr'><strong>voltribus</strong></span> <span class='ocrx_word' id='word_1_322' title='bbox 1605 4377 1642 4444; x_wconf 86' lang='lat' dir='ltr'><strong>et</strong></span> <span class='ocrx_word' id='word_1_323' title='bbox 1670 4371 1819 4446; x_wconf 85' lang='lat' dir='ltr'><strong>totidem</strong></span> <span class='ocrx_word' id='word_1_324' title='bbox 1846 4372 2044 4466; x_wconf 85' lang='lat' dir='ltr'><strong>leporarijs,</strong></span> 
     </span>
    </p>
   </div>
   <div class='ocr_carea' id='block_1_12' title="bbox 510 4479 2121 5437">
    <p class='ocr_par' dir='ltr' id='par_1_12' title="bbox 510 4479 2121 5437">
     <span class='ocr_line' id='line_1_36' title="bbox 512 4479 2045 4574; baseline 0.003 -25"><span class='ocrx_word' id='word_1_325' title='bbox 512 4479 692 4568; x_wconf 86' lang='lat' dir='ltr'><strong>quiscules</strong></span> <span class='ocrx_word' id='word_1_326' title='bbox 714 4483 804 4566; x_wconf 89' lang='lat' dir='ltr'><strong>niso,</strong></span> <span class='ocrx_word' id='word_1_327' title='bbox 835 4479 1006 4574; x_wconf 80' lang='lat' dir='ltr'><strong>perdices,</strong></span> <span class='ocrx_word' id='word_1_328' title='bbox 1030 4481 1178 4573; x_wconf 89' lang='lat' dir='ltr'><strong>lepores,</strong></span> <span class='ocrx_word' id='word_1_329' title='bbox 1211 4482 1334 4573; x_wconf 82' lang='lat' dir='ltr'><strong>wlpes,</strong></span> <span class='ocrx_word' id='word_1_330' title='bbox 1357 4481 1471 4574; x_wconf 89' lang='lat' dir='ltr'><strong>lupos,</strong></span> <span class='ocrx_word' id='word_1_331' title='bbox 1502 4499 1610 4570; x_wconf 83' lang='lat' dir='ltr'><strong>grues</strong></span> <span class='ocrx_word' id='word_1_332' title='bbox 1633 4479 1729 4552; x_wconf 87' lang='lat' dir='ltr'><strong>inira</strong></span> <span class='ocrx_word' id='word_1_333' title='bbox 1742 4481 1883 4552; x_wconf 86' lang='lat' dir='ltr'><strong>limites</strong></span> <span class='ocrx_word' id='word_1_334' title='bbox 1906 4481 2045 4553; x_wconf 84' lang='lat' dir='ltr'><strong>herida-</strong></span> 
     </span>
     <span class='ocr_line' id='line_1_37' title="bbox 512 4579 2121 4681; baseline 0.002 -25"><span class='ocrx_word' id='word_1_335' title='bbox 512 4584 557 4656; x_wconf 85' lang='lat' dir='ltr'><strong>tls</strong></span> <span class='ocrx_word' id='word_1_336' title='bbox 586 4587 806 4681; x_wconf 88' lang='lat' dir='ltr'><strong>supradicte;</strong></span> <span class='ocrx_word' id='word_1_337' title='bbox 840 4591 1051 4674; x_wconf 75' lang='lat' dir='ltr'><strong>iuramenta</strong></span> <span class='ocrx_word' id='word_1_338' title='bbox 1082 4591 1347 4679; x_wconf 82' lang='lat' dir='ltr'><strong>resignationes</strong></span> <span class='ocrx_word' id='word_1_339' title='bbox 1390 4587 1583 4660; x_wconf 84' lang='lat' dir='ltr'><strong>habebunt</strong></span> <span class='ocrx_word' id='word_1_340' title='bbox 1629 4587 1747 4660; x_wconf 91' lang='lat' dir='ltr'><strong>Incole</strong></span> <span class='ocrx_word' id='word_1_341' title='bbox 1767 4641 1770 4648; x_wconf 88' lang='lat'>.</span> <span class='ocrx_word' id='word_1_342' title='bbox 1787 4609 1872 4661; x_wconf 85' lang='lat' dir='ltr'><strong>voro</strong></span> <span class='ocrx_word' id='word_1_343' title='bbox 1910 4588 2045 4660; x_wconf 91' lang='lat' dir='ltr'><strong>ibidem</strong></span> <span class='ocrx_word' id='word_1_344' title='bbox 2117 4579 2121 4584; x_wconf 74' lang='grc'>’</span> 
     </span>
     <span class='ocr_line' id='line_1_38' title="bbox 510 4688 2046 4794; baseline 0.004 -32"><span class='ocrx_word' id='word_1_345' title='bbox 510 4688 615 4794; x_wconf 84' lang='lat' dir='ltr'><strong>locuti</strong></span> <span class='ocrx_word' id='word_1_346' title='bbox 655 4700 692 4768; x_wconf 92' lang='lat' dir='ltr'><strong>et</strong></span> <span class='ocrx_word' id='word_1_347' title='bbox 714 4695 855 4768; x_wconf 89' lang='lat' dir='ltr'><strong>locandi</strong></span> <span class='ocrx_word' id='word_1_348' title='bbox 877 4696 1011 4768; x_wconf 88' lang='lat' dir='ltr'><strong>ibidem</strong></span> <span class='ocrx_word' id='word_1_349' title='bbox 1047 4695 1232 4769; x_wconf 88' lang='lat' dir='ltr'><strong>habebunt</strong></span> <span class='ocrx_word' id='word_1_350' title='bbox 1267 4717 1290 4768; x_wconf 92' lang='lat' dir='ltr'><strong>a</strong></span> <span class='ocrx_word' id='word_1_351' title='bbox 1331 4697 1514 4768; x_wconf 86' lang='lat' dir='ltr'><strong>solucione</strong></span> <span class='ocrx_word' id='word_1_352' title='bbox 1546 4715 1721 4768; x_wconf 88' lang='lat' dir='ltr'><strong>censuum</strong></span> <span class='ocrx_word' id='word_1_353' title='bbox 1744 4700 1948 4769; x_wconf 88' lang='lat' dir='ltr'><strong>nostmrum</strong></span> <span class='ocrx_word' id='word_1_354' title='bbox 1982 4717 2046 4790; x_wconf 90' lang='lat' dir='ltr'><strong>per</strong></span> 
     </span>
     <span class='ocr_line' id='line_1_39' title="bbox 511 4803 2045 4898; baseline 0.003 -28"><span class='ocrx_word' id='word_1_355' title='bbox 511 4805 661 4890; x_wconf 86' lang='lat' dir='ltr'><strong>quatuor</strong></span> <span class='ocrx_word' id='word_1_356' title='bbox 696 4823 870 4878; x_wconf 89' lang='lat' dir='ltr'><strong>annorum</strong></span> <span class='ocrx_word' id='word_1_357' title='bbox 909 4807 1072 4897; x_wconf 89' lang='lat' dir='ltr'><strong>spacium</strong></span> <span class='ocrx_word' id='word_1_358' title='bbox 1107 4803 1351 4877; x_wconf 89' lang='lat' dir='ltr'><strong>omnimodam</strong></span> <span class='ocrx_word' id='word_1_359' title='bbox 1387 4805 1599 4888; x_wconf 87' lang='lat' dir='ltr'><strong>libertatem,</strong></span> <span class='ocrx_word' id='word_1_360' title='bbox 1635 4823 1707 4895; x_wconf 90' lang='lat' dir='ltr'><strong>qua</strong></span> <span class='ocrx_word' id='word_1_361' title='bbox 1735 4805 1857 4897; x_wconf 91' lang='lat' dir='ltr'><strong>elapsa</strong></span> <span class='ocrx_word' id='word_1_362' title='bbox 1894 4805 2045 4898; x_wconf 89' lang='lat' dir='ltr'><strong>predicti</strong></span> 
     </span>
     <span class='ocr_line' id='line_1_40' title="bbox 510 4903 2044 5004; baseline 0.004 -26"><span class='ocrx_word' id='word_1_363' title='bbox 510 4903 621 4982; x_wconf 86' lang='lat' dir='ltr'><strong>incole</strong></span> <span class='ocrx_word' id='word_1_364' title='bbox 664 4912 743 4984; x_wconf 89' lang='lat' dir='ltr'><strong>sino</strong></span> <span class='ocrx_word' id='word_1_365' title='bbox 776 4910 987 4984; x_wconf 86' lang='lat' dir='ltr'><strong>kmothonas</strong></span> <span class='ocrx_word' id='word_1_366' title='bbox 1026 4932 1090 5004; x_wconf 90' lang='lat' dir='ltr'><strong>pro</strong></span> <span class='ocrx_word' id='word_1_367' title='bbox 1129 4931 1240 4984; x_wconf 90' lang='lat' dir='ltr'><strong>censu</strong></span> <span class='ocrx_word' id='word_1_368' title='bbox 1277 4911 1381 4984; x_wconf 86' lang='lat' dir='ltr'><strong>nobis</strong></span> <span class='ocrx_word' id='word_1_369' title='bbox 1419 4913 1457 4984; x_wconf 91' lang='lat' dir='ltr'><strong>in</strong></span> <span class='ocrx_word' id='word_1_370' title='bbox 1495 4911 1587 4983; x_wconf 88' lang='lat' dir='ltr'><strong>iesto</strong></span> <span class='ocrx_word' id='word_1_371' title='bbox 1625 4910 1722 4984; x_wconf 89' lang='lat' dir='ltr'><strong>boati</strong></span> <span class='ocrx_word' id='word_1_372' title='bbox 1758 4912 1901 4986; x_wconf 83' lang='lat' dir='ltr'><strong>Martini</strong></span> <span class='ocrx_word' id='word_1_373' title='bbox 1941 4915 2044 4986; x_wconf 91' lang='lat' dir='ltr'><strong>annis</strong></span> 
     </span>
     <span class='ocr_line' id='line_1_41' title="bbox 510 5014 2045 5114; baseline 0.005 -31"><span class='ocrx_word' id='word_1_374' title='bbox 510 5014 660 5108; x_wconf 81' lang='lat' dir='ltr'><strong>singulis</strong></span> <span class='ocrx_word' id='word_1_375' title='bbox 701 5018 826 5092; x_wconf 86' lang='lat' dir='ltr'><strong>decem</strong></span> <span class='ocrx_word' id='word_1_376' title='bbox 876 5039 1064 5092; x_wconf 87' lang='lat' dir='ltr'><strong>mensures</strong></span> <span class='ocrx_word' id='word_1_377' title='bbox 1111 5022 1260 5114; x_wconf 91' lang='lat' dir='ltr'><strong>triplicis</strong></span> <span class='ocrx_word' id='word_1_378' title='bbox 1302 5020 1488 5092; x_wconf 88' lang='lat' dir='ltr'><strong>immenti:</strong></span> <span class='ocrx_word' id='word_1_379' title='bbox 1533 5023 1607 5091; x_wconf 86' lang='lat' dir='ltr'><strong>tres</strong></span> <span class='ocrx_word' id='word_1_380' title='bbox 1646 5039 1770 5104; x_wconf 81' lang='lat' dir='ltr'><strong>suone,</strong></span> <span class='ocrx_word' id='word_1_381' title='bbox 1814 5025 1888 5092; x_wconf 88' lang='lat' dir='ltr'><strong>tres</strong></span> <span class='ocrx_word' id='word_1_382' title='bbox 1926 5023 2045 5104; x_wconf 89' lang='lat' dir='ltr'><strong>tritici,</strong></span> 
     </span>
     <span class='ocr_line' id='line_1_42' title="bbox 511 5127 2045 5222; baseline 0.004 -28"><span class='ocrx_word' id='word_1_383' title='bbox 511 5127 660 5211; x_wconf 85' lang='lat' dir='ltr'><strong>quatuor</strong></span> <span class='ocrx_word' id='word_1_384' title='bbox 682 5127 833 5218; x_wconf 90' lang='lat' dir='ltr'><strong>silignts,</strong></span> <span class='ocrx_word' id='word_1_385' title='bbox 869 5147 1146 5218; x_wconf 88' lang='lat' dir='ltr'><strong>mensuramque</strong></span> <span class='ocrx_word' id='word_1_386' title='bbox 1173 5127 1313 5200; x_wconf 90' lang='lat' dir='ltr'><strong>humuli</strong></span> <span class='ocrx_word' id='word_1_387' title='bbox 1349 5131 1385 5200; x_wconf 92' lang='lat' dir='ltr'><strong>ct</strong></span> <span class='ocrx_word' id='word_1_388' title='bbox 1417 5127 1602 5200; x_wconf 82' lang='lat' dir='ltr'><strong>fertonem</strong></span> <span class='ocrx_word' id='word_1_389' title='bbox 1622 5147 1686 5220; x_wconf 93' lang='lat' dir='ltr'><strong>pro</strong></span> <span class='ocrx_word' id='word_1_390' title='bbox 1721 5127 1862 5201; x_wconf 85' lang='lat' dir='ltr'><strong>decima</strong></span> <span class='ocrx_word' id='word_1_391' title='bbox 1896 5131 1936 5202; x_wconf 88' lang='lat' dir='ltr'><strong>iu</strong></span> <span class='ocrx_word' id='word_1_392' title='bbox 1969 5149 2045 5222; x_wconf 90' lang='lat' dir='ltr'><strong>per·</strong></span> 
     </span>
     <span class='ocr_line' id='line_1_43' title="bbox 511 5233 2046 5328; baseline 0.003 -26"><span class='ocrx_word' id='word_1_393' title='bbox 511 5233 657 5318; x_wconf 78' lang='lat' dir='ltr'><strong>potuum</strong></span> <span class='ocrx_word' id='word_1_394' title='bbox 702 5237 841 5308; x_wconf 90' lang='lat' dir='ltr'><strong>soluere</strong></span> <span class='ocrx_word' id='word_1_395' title='bbox 878 5236 1104 5308; x_wconf 84' lang='lat' dir='ltr'><strong>tenebuntur.</strong></span> <span class='ocrx_word' id='word_1_396' title='bbox 1162 5235 1245 5308; x_wconf 77' lang='lat' dir='ltr'><strong>&#39;iria</strong></span> <span class='ocrx_word' id='word_1_397' title='bbox 1290 5235 1472 5326; x_wconf 86' lang='lat' dir='ltr'><strong>generalia</strong></span> <span class='ocrx_word' id='word_1_398' title='bbox 1510 5233 1644 5308; x_wconf 90' lang='lat' dir='ltr'><strong>iudicia</strong></span> <span class='ocrx_word' id='word_1_399' title='bbox 1677 5238 1716 5308; x_wconf 94' lang='lat' dir='ltr'><strong>in</strong></span> <span class='ocrx_word' id='word_1_400' title='bbox 1756 5257 1850 5310; x_wconf 91' lang='lat' dir='ltr'><strong>anno</strong></span> <span class='ocrx_word' id='word_1_401' title='bbox 1887 5236 2046 5328; x_wconf 91' lang='lat' dir='ltr'><strong>quolibet</strong></span> 
     </span>
     <span class='ocr_line' id='line_1_44' title="bbox 511 5331 2045 5437; baseline 0.007 -31"><span class='ocrx_word' id='word_1_402' title='bbox 511 5331 641 5414; x_wconf 87' lang='lat' dir='ltr'><strong>ibidem</strong></span> <span class='ocrx_word' id='word_1_403' title='bbox 671 5342 860 5417; x_wconf 89' lang='lat' dir='ltr'><strong>iaciemus:</strong></span> <span class='ocrx_word' id='word_1_404' title='bbox 895 5343 1070 5416; x_wconf 88' lang='lat' dir='ltr'><strong>scultetus</strong></span> <span class='ocrx_word' id='word_1_405' title='bbox 1093 5363 1205 5417; x_wconf 89' lang='lat' dir='ltr'><strong>vnum</strong></span> <span class='ocrx_word' id='word_1_406' title='bbox 1236 5348 1272 5416; x_wconf 90' lang='lat' dir='ltr'><strong>ct</strong></span> <span class='ocrx_word' id='word_1_407' title='bbox 1295 5343 1507 5416; x_wconf 89' lang='lat' dir='ltr'><strong>kmetboncs</strong></span> <span class='ocrx_word' id='word_1_408' title='bbox 1531 5343 1602 5418; x_wconf 91' lang='lat' dir='ltr'><strong>duo</strong></span> <span class='ocrx_word' id='word_1_409' title='bbox 1625 5343 1777 5437; x_wconf 89' lang='lat' dir='ltr'><strong>prandia</strong></span> <span class='ocrx_word' id='word_1_410' title='bbox 1806 5345 1865 5419; x_wconf 90' lang='lat' dir='ltr'><strong>uel</strong></span> <span class='ocrx_word' id='word_1_411' title='bbox 1888 5345 2045 5419; x_wconf 88' lang='lat' dir='ltr'><strong>mediam</strong></span> 
     </span>
    </p>
   </div>
   <div class='ocr_carea' id='block_1_13' title="bbox 0 0 2382 6356">
    <p class='ocr_par' dir='ltr' id='par_1_13' title="bbox 0 0 2382 6356">
     <span class='ocr_line' id='line_1_45' title="bbox 0 0 2382 6356; baseline 0 0"><span class='ocrx_word' id='word_1_412' title='bbox 0 0 2382 6356; x_wconf 95' lang='lat' dir='ltr'><strong> </strong></span> 
     </span>
    </p>
   </div>
  </div>
 </body>
</html>
