4734 6356
260 531 284 604 8

240 839 242 844 Ι
262 733 294 800 7.
343 729 441 802 1400.
465 726 524 800 die
548 732 602 800 13.
627 727 762 832 mensis
785 725 1008 833 Novembris,
1032 725 1240 832 Pcsnaniae.

424 917 595 998 filbertus
627 926 898 1000 archidiaconus
932 926 1185 1000 Posnaniensls
1220 925 1364 999 cuidam
1386 924 1552 999 Miroslao
1582 924 1628 998 do
1657 926 1804 1002 Pafetoa

261 1035 467 1106 scultellam
490 1037 527 1106 in
551 1035 638 1108 villu
661 1037 866 1110 Goraazcwo
889 1035 1035 1110 confert

423 1231 463 1304 lu
486 1235 631 1306 nomine
655 1233 799 1306 Domini
822 1254 938 1308 amen.
985 1231 1161 1320 Quoniam
1184 1237 1265 1305 acta
1286 1253 1351 1326 per
1372 1232 1595 1326 voluntatem
1616 1232 1804 1306 hominum

261 1339 379 1412 solent
400 1343 609 1432 permutari,
640 1345 788 1414 necesse
819 1349 875 1415 est
898 1361 993 1434 crgo,
1024 1361 1067 1412 en
1083 1341 1268 1414 literarum
1296 1342 1469 1414 firmitate
1491 1341 1700 1414 firmissime
1722 1342 1803 1414 soli·

261 1447 358 1520 dare.
393 1447 568 1521 Nouerint
597 1449 708 1538 igitur
739 1452 909 1536 vuiuorsi,
947 1451 1175 1542 presencium
1211 1451 1380 1522 noticiam
1409 1449 1576 1535 habituri,
1612 1448 1707 1540 quod
1736 1469 1802 1523 nos

260 1556 431 1628 filbertus
471 1551 744 1630 archidiaconus
783 1558 933 1631 ecclesie
968 1557 1233 1643 I'cznaniensis,
1273 1558 1513 1629 meliorationi
1550 1557 1725 1630 bonorum
1767 1560 1804 1629 et

260 1664 512 1736 reformationi
534 1663 619 1736 ulle
642 1671 762 1738 nostro
787 1669 986 1740 deaceae
1010 1671 1046 1736 et
1068 1666 1216 1758 capituli
1238 1664 1490 1736 Poannniensis
1505 1664 1741 1750 intendentes,
1764 1671 1805 1736 rt

260 1771 457 1844 reforrnata
486 1773 524 1844 in
555 1773 696 1859 melius,
726 1775 869 1847 facilius
898 1773 1002 1846 nobis
1031 1773 1177 1844 valeant
1188 1775 1234 1862 (s)
1259 1777 1431 1844 consueta
1453 1774 1607 1844 seruicia
1629 1773 1802 1865 impertiri

260 1901 303 1952 ac
326 1880 430 1952 nobis
454 1875 490 1952 et
521 1882 789 1954 successoribus
824 1883 956 1955 nostris
987 1881 1137 1953 comoda
1159 1886 1349 1973 reportare,
1381 1879 1426 1953 de
1448 1879 1633 1952 voluntate
1662 1886 1699 1952 et
1721 1899 1802 1952 oon·

259 2007 371 2060 seusu
394 1988 655 2061 venerabilium
678 1992 836 2063 virorum
864 1987 1089 2061 dominorum
1120 1990 1292 2081 prepositi
1315 1993 1352 2060 et
1375 1988 1523 2081 capituli
1557 1987 1706 2060 ecclesie
1739 1987 1802 2060 Po·

258 2097 465 2168 ananiensis
489 2095 535 2170 ad
558 2096 627 2168 hoc
650 2099 853 2190 specialiter
887 2095 1089 2182 accedente,
1125 2095 1350 2168 attendentes
1374 2095 1498 2168 fidelia
1531 2097 1694 2181 semicla,
1732 2107 1810 2188 que‘

257 2204 363 2276 nobis
387 2209 424 2276 et
447 2205 597 2276 ecclesie
620 2211 741 2278 nostre
764 2205 953 2278 llfroslaus
975 2204 1163 2276 familiaris
1180 2203 1225 2275 de
1247 2207 1380 2276 Paewa
1395 2202 1556 2276 exhibuit
1579 2203 1683 2276 etad
1707 2202 1801 2276 exhi·

258 2311 418 2384 bendum
442 2333 482 2383 se
503 2317 710 2405 promptum
734 2313 864 2386 obtulit
887 2317 923 2384 et
944 2319 1122 2406 paratum,
1145 2311 1262 2384 eidem
1285 2311 1450 2384 lliroslao
1475 2315 1511 2385 et
1533 2312 1801 2384 successoribus

256 2422 335 2492 suis
359 2421 531 2510 legitimis
555 2419 767 2494 sculteoiem
789 2425 828 2494 in
851 2419 946 2493 dictu
970 2427 1093 2493 nostra
1115 2419 1313 2494 hereditate
1337 2427 1374 2492 et
1397 2420 1544 2513 capituli
1572 2421 1801 2509 neaeman

256 2529 421 2618 graciose
452 2526 676 2613 domuimus
712 2530 928 2602 contulimus
958 2534 994 2601 et
1031 2527 1257 2622 presentibus
1295 2529 1512 2600 conferimus
1551 2533 1588 2600 et
1625 2526 1800 2602 donamus

254 2639 335 2707 inre
376 2635 590 2708 hereditario
633 2643 803 2730 perpetue
847 2635 1102 2730 possidendam
1141 2641 1177 2709 et
1215 2635 1455 2721 obtinendam,
1492 2639 1612 2729 ipsum
1650 2640 1686 2708 et
1722 2655 1800 2730 pro

256 2746 439 2834 genitores
472 2763 558 2816 suos
599 2749 635 2816 et
656 2733 855 2836 legittimus
893 2763 1119 2816 successores
1153 2743 1326 2816 scultetos
1363 2743 1496 2816 ibidem
1527 2745 1800 2817 constituentes:

256 2852 434 2924 donantes
466 2850 584 2924 eidem
621 2853 773 2924 sculteto
811 2873 924 2924 vnum
967 2871 1136 2924 mansum
1177 2852 1329 2924 liberum
1368 2872 1452 2923 curn
1491 2872 1583 2938 area,
1622 2855 1728 2945 prout
1761 2855 1800 2925 in

255 2959 458 3046 latitudine,
492 2959 715 3050 longitndine
755 2979 838 3032 oum
872 2961 1050 3031 vniuersis
1089 2958 1303 3032 utilitatibus
1336 2961 1385 3030 sit
1416 2959 1617 3045 distinctus,
1660 2961 1800 3032 thaber-

254 3087 354 3152 nam,
391 3068 602 3156 nraocelfunr
626 3068 848 3153 carnificum,
879 3070 1066 3160 pistorum,
1100 3071 1263 3140 sutorum
1287 3071 1324 3138 et
1355 3065 1509 3152 fabrum,
1543 3071 1662 3160 potest
1684 3071 1799 3140 eclam

256 3176 391 3247 habere
425 3177 462 3248 in
498 3175 594 3246 dieta
622 3175 821 3247 hereditate
856 3195 954 3260 oues,
984 3177 1155 3261 iumenta,
1185 3175 1323 3268 lepores
1354 3175 1481 3266 fugare
1520 3180 1556 3246 et
1595 3195 1680 3248 aues
1716 3197 1799 3248 cum

255 3285 337 3355 niso
361 3303 498 3376 capere.
545 3283 662 3356 Incole
692 3282 853 3355 eiusdem
876 3283 960 3354 ville
997 3285 1077 3354 iura
1105 3283 1240 3355 facient
1278 3286 1314 3353 et
1343 3302 1473 3354 census
1506 3283 1657 3369 soluerat,
1695 3288 1802 3377 prout

257 3393 458 3482 antiquitus
493 3390 696 3462 seruabant.
743 3389 859 3462 Habet
892 3393 1007 3462 eciam
1041 3391 1216 3462 scultetus
1251 3389 1370 3461 facere
1404 3391 1475 3461 tria
1509 3411 1641 3480 magna
1668 3391 1802 3464 iudicia

255 3498 417 3590 quolibet
441 3519 545 3583 atino,
580 3499 683 3570 nobis
715 3497 929 3570 frmcthones
964 3497 1034 3570 duo
1065 3497 1216 3591 prandia
1238 3501 1276 3569 in
1299 3497 1438 3570 duobus
1461 3497 1617 3591 iudicijs,
1652 3504 1715 3570 aut
1736 3519 1800 3592 pro

256 3607 417 3698 quolibet
439 3604 588 3700 prandio
612 3605 798 3690 fertonem,
834 3612 870 3677 et
900 3607 1074 3679 scultetus
1109 3605 1260 3678 tercium
1282 3605 1484 3698 prandium,
1514 3625 1578 3697 pro
1602 3626 1671 3697 quo
1704 3604 1801 3678 siini·

253 3717 339 3787 liter
361 3715 537 3786 fertonem
568 3715 707 3786 soluere
736 3712 927 3794 debebunt.
972 3714 1126 3786 Habebit
1154 3715 1269 3785 eciam
1302 3713 1418 3785 dietus
1443 3714 1618 3785 scultetus
1642 3714 1686 3785 de
1709 3717 1800 3788 iura·

255 3827 390 3896 mentis
422 3829 457 3894 et
486 3842 581 3915 pena
610 3825 762 3893 tercium
798 3821 985 3894 denarium
1026 3822 1070 3893 de
1099 3843 1138 3892 re
1169 3822 1328 3912 qnalibet
1358 3821 1524 3894 iudicata.
1572 3822 1688 3893 lrroofc
1715 3843 1799 3894 vero

254 3931 419 4004 eiusdem
443 3930 652 4003 hereditatis
676 3931 755 4000 inre
778 3935 815 4000 et
845 3929 1047 4001 solucioncs
1081 3949 1123 4001 ac
1147 3929 1286 4001 labores
1311 3930 1541 4022 complebunt
1565 3935 1601 4002 et
1624 3931 1800 4024 complere

251 4038 485 4124 tenebuntur,
509 4043 616 4131 prout
639 4039 837 4128 antiquitus
861 4040 898 4108 in
923 4037 1047 4108 eadem
1072 4037 1270 4109 hereditate
1294 4037 1412 4109 facere
1436 4043 1663 4124 consuerunt,
1694 4043 1801 4131 prout

252 4151 295 4219 in
327 4149 409 4239 alijs
439 4147 534 4218 villis
568 4145 715 4238 capituli
745 4144 1004 4216 describuntur.
1050 4144 1096 4217 Et
1124 4148 1293 4236 turoniam
1317 4149 1395 4217 iura
1417 4145 1719 4237 hfaydburgensia
1742 4146 1800 4217 uel

253 4255 467 4328 Srzedensia
495 4253 599 4325 nobis
623 4257 709 4323 sunt
738 4255 882 4344 penitus
905 4255 1099 4342 incognita,
1131 4253 1210 4324 ideo
1235 4255 1356 4325 omnia
1378 4257 1466 4338 iura,
1491 4255 1673 4339 utilitates,
1704 4253 1799 4325 labo·

251 4384 316 4434 res
348 4368 384 4434 et
406 4362 569 4446 honores
605 4381 674 4450 que
707 4362 906 4452 respiciunt
932 4360 1134 4445 utilitatem,
1167 4361 1357 4434 comodum
1386 4361 1532 4452 dominij
1563 4367 1599 4433 et
1628 4363 1799 4432 honorem

250 4471 360 4542 nobis
383 4471 542 4563 plenarie
566 4473 602 4539 et
624 4468 892 4540 successoribus
915 4489 1154 4553 reseruemus,
1178 4475 1283 4561 prout
1306 4471 1345 4540 in
1368 4469 1449 4560 alijs
1474 4473 1604 4540 nostris
1625 4469 1719 4542 villis
1744 4491 1799 4540 oa·
1868 4496 1871 4503 ·

251 4579 362 4672 pituli
387 4579 465 4650 fieri
495 4580 551 4648 est
579 4583 806 4661 consuetum}
838 4576 956 4648 dictus
980 4595 1063 4647 vero
1086 4577 1275 4648 hfiroslans
1307 4581 1343 4648 et
1372 4580 1430 4648 sui
1465 4598 1689 4649 successores
1714 4578 1798 4668 legi·

250 4689 338 4759 timi
361 4687 464 4758 nobis
488 4683 534 4756 ad
558 4685 712 4755 semicia
734 4688 771 4754 ct
798 4685 1066 4756 suecessoribus
1097 4687 1229 4756 nostris
1260 4685 1441 4766 tenebitur,
1467 4687 1504 4756 iu
1535 4705 1625 4774 eqito
1656 4686 1798 4757 valente

251 4815 417 4866 marcam
447 4813 531 4864 cum
554 4792 673 4864 media
703 4810 924 4881 grossorum:
957 4792 1194 4882 adiungentes
1219 4793 1335 4864 eidem
1358 4793 1522 4864 bliroslao
1546 4793 1697 4864 sculteto
1721 4813 1798 4885 pre·

248 4908 418 4975 notatam
454 4900 661 4972 scolteciam
696 4905 732 4972 ct
754 4901 1023 4971 successoribus
1058 4903 1134 4972 suis
1171 4901 1359 4986 vendendi,
1396 4901 1650 4984 commutandi,
1686 4901 1795 4974 dandi

247 5013 438 5100 libereque
466 5007 673 5096 resignandi
704 5029 768 5078 scu
799 5027 1025 5098 quocumque
1056 5008 1160 5080 modo
1190 5010 1342 5080 voluerit
1370 5010 1467 5080 licite
1496 5029 1579 5079 asc
1608 5009 1796 5094 alienandi,

247 5121 402 5212 plenam
438 5137 480 5188 ac
517 5116 667 5187 liberam
705 5119 922 5207 potestatem
961 5117 1091 5188 habeat
1130 5123 1165 5188 et
1185 5116 1446 5188 'omnimodam
1484 5115 1702 5188 facultatem.
1750 5117 1798 5188 Vt

247 5232 378 5300 autem
401 5229 524 5296 nostra
552 5228 656 5314 grata
688 5223 848 5308 donacio,
889 5223 1069 5297 ordinacio
1107 5225 1233 5296 firma
1253 5231 1288 5296 et
1325 5223 1551 5298 inviolabilis¹
1578 5230 1796 5314 permoneat,

245 5338 374 5429 ipsum
397 5333 442 5404 de
471 5333 633 5404 unanimi
664 5352 841 5404 consensu
873 5332 1024 5403 fratrum
1057 5338 1093 5404 et
1125 5332 1349 5410 dominorum
1374 5333 1520 5434 caltituli
1544 5333 1795 5404 Poznaniensis
1875 5367 1880 5377 ·

245 5443 483 5538 presentibus
508 5441 775 5512 confirmamus.
822 5441 861 5512 In
891 5443 994 5513 cuius
1018 5444 1068 5511 rei
1094 5435 1342 5512 'testimenium
1374 5445 1534 5511 nostrum
1560 5447 1595 5510 et
1619 5440 1794 5512 dictorum

2047 781 2272 858 domiuomm
2306 791 2327 852 c

2046 895 2221 966 Poananie
2243 889 2311 962 sub

2045 999 2267 1085 Novembris,
2300 1019 2330 1091 p*

2046 1109 2273 1184 Prosentibus
2297 1127 2323 1176 e

2046 1218 2240 1292 Vincencfo
2262 1219 2336 1307 pref

2047 1328 2155 1412 censi,
2188 1323 2324 1396 lohann

2047 1432 2206 1508 Conrado
2249 1417 2338 1508 Srad

2045 1543 2181 1618 Mathia
2213 1539 2340 1624 flaus,·.

1996 1732 2001 1741 ,
2046 1633 2246 1734 nuaram,
2277 1646 2343 1747 arar,

2002 1821 2007 1832 .
2046 1759 2141 1832 dicte
2164 1755 2313 1830 ecclesie
2334 1769 2342 1820 t

2047 1867 2162 1939 scribe
2184 1821 2343 1957 capituli‘

2055 2007 2057 2014 ,
2188 1989 2192 2002 .
2332 1971 2347 2026 u

2049 3217 2125 3306 regi
2142 3215 2312 3288 ,Poloniae
2334 3233 2340 3250 ·

2344 3233 2349 3318 l

2210 3411 2289 3483 aa
2320 3319 2349 3480 l

2050 3521 2141 3594 thun
2164 3520 2256 3606 irunt
2279 3463 2349 3652 alle}

2014 3688 2018 3696 .
2050 3629 2234 3701 irluchten·
2248 3626 2349 3698 furst,

2050 3759 2129 3808 nen
2153 3735 2304 3826 gebeton
2325 3691 2349 3804 tl

2051 3844 2183 3916 tenlich
2214 3842 2343 3932 geleite

2051 3951 2176 4024 herren
2199 3946 2346 4021 Wladisl

2052 4081 2114 4150 arg
2132 4063 2244 4153 jagen
2267 4077 2347 4147 mag

2051 4189 2132 4240 seru
2155 4169 2341 4259 granicaen

2051 4269 2159 4348 nocht
2182 4279 2262 4350 nest
2284 4274 2349 4346 iror.

2052 4383 2164 4456 durch
2198 4403 2313 4456 meres
2346 4413 2349 4452 l

2051 4490 2169 4564 lossen
2191 4493 2342 4580 hengen.

2052 4603 2112 4690 tog
2136 4599 2349 4692 Concepcion

2212 4797 2349 4853 Defrumea

2053 4885 2203 4958 iniedshiei
2224 4887 2272 4958 (N.
2287 4886 2349 4957 270]

2054 4980 2207 5047 unieszoua
2224 4995 2262 5034 ua
2280 4975 2349 5050 peak
