4706 6356
414 588 467 660 ei.
514 524 612 652 1404ss
638 570 696 649 die
721 575 773 649 1t.
799 569 932 649 mensis
956 573 1123 666 Αιιςιιειί,
1146 571 1184 646 in
1207 576 1423 648 Ostreesadto.

570 775 789 848 wladislaus
812 773 851 846 Ii.
875 793 937 846 rex
961 773 1125 844 Polouiec
1148 772 1293 845 Nicolao
1323 774 1491 844 canonico
1516 777 1552 844 cl
1574 771 1722 844 oiiiciaii
1746 771 1945 846 Gncsnensl

413 882 567 969 mandat,
591 903 636 956 ne
658 884 770 968 litem,
794 902 904 974 quana
926 881 1039 954 Boreo
1064 882 1256 953 canonicus
1280 881 1497 954 Gnesncnsis
1522 881 1659 952 civibus
1683 879 1728 951 de
1752 883 1878 952 Kteclo
1902 880 1947 951 de

412 993 558 1071 decimis
580 990 799 1082 quibusdam
821 987 1039 1074 intendebat,
1064 986 1259 1070 diiudicare
1281 993 1499 1082 praesumat.

570 1187 610 1260 R.
633 1185 674 1260 In
697 1189 926 1260 Ostrecscbow
950 1187 1027 1280 ipso
1052 1183 1109 1257 dic
1132 1187 1404 1277 Assumpcionls
1427 1185 1460 1258 b.
1485 1185 1594 1258 Mario'
1617 1187 1777 1276 virginis.
1809 1184 1946 1274 Oiieyal

414 1320 470 1374 nra
492 1299 547 1385 sie
568 1299 755 1368 wstmmad
778 1315 798 1366 a
820 1297 1156 1384 mastraygnicnlenr
1180 1295 1448 1386 pomicnionego
1472 1313 1590 1386 sporn,
1615 1293 1745 1386 dopdki
1766 1292 1844 1364 irrdl
1867 1313 1946 1364 sam

413 1409 456 1480 do
479 1403 636 1480 Griieana
658 1405 716 1476 nio
738 1400 958 1497 praybedcie.

573 1597 729 1658 nenium
747 1598 906 1658 consutorii
926 1584 1181 1674 archiepiscopella¹
1193 1597 1376 1668 (lucanensis,
1393 1597 1511 1658 aeta'ad
1529 1616 1554 1660 ι
1574 1599 1763 1660 ltdt-ltdb.

415 2003 466 2072 62.
514 1997 612 2069 teci.
636 1993 695 2067 dic
717 1997 771 2068 25.
797 1995 932 2068 mensis
956 1991 1131 2082 Octobris,
1156 1993 1330 2068 Gnesnae.

573 2191 742 2266 Nicotaus
774 2193 1062 2286 archiepiscopus
1086 2190 1305 2266 Gnesnensis
1342 2191 1465 2264 Ioanni
1502 2193 1673 2266 muratori
1715 2191 1760 2266 de
1798 2193 1953 2282 Unaejoa
2069 2189 2074 2200 ’

418 2275 618 2376 scultetiam
641 2305 679 2374 in
701 2301 787 2374 vilia
808 2301 967 2374 Sandlsiro
990 2299 1136 2374 coniert

579 2517 620 2589 In
639 2517 786 2589 nomine
807 2515 952 2589 Domini
981 2535 1096 2589 amen.
1142 2514 1202 2589 nd
1229 2517 1282 2588 rei
1311 2517 1522 2588 memoriam
1551 2519 1816 2610 sempiternam.
1863 2514 1955 2603 Quia

420 2633 505 2700 tnnc
527 2625 650 2698 multis
674 2643 832 2697 amorum
855 2627 892 2696 et
914 2621 1104 2696 dubiorum
1125 2622 1361 2698 incommodis
1390 2622 1583 2717 prudenter
1605 2625 1836 2708 occurrimus,
1867 2623 1954 2696 dum

420 2737 521 2826 gesta
543 2733 648 2804 eatis
671 2735 791 2804 nostre
813 2731 998 2804 literarum
1022 2730 1184 2824 apicibus
1206 2735 1244 2802 et
1266 2733 1500 2804 cunctacione
1515 2733 1663 2804 testium
1678 2731 1953 2825 perheonamus,

420 2837 566 2935 proinde
587 2858 654 2912 nos
675 2837 844 2912 Nicotaus
866 2838 935 2910 Dei
957 2841 1081 2930 gracia
1102 2844 1227 2912 sancte
1245 2836 1466 2911 (insanensis
1482 2839 1633 2912 ecclesie
1656 2838 1956 2932 archiepiscopus,

422 2951 628 3020 emctomm
650 2949 727 3019 mm
748 2949 985 3040 presencium,
1017 2966 1127 3038 quam
1149 2945 1352 3018 cuneorum
1375 2949 1506 3018 noticia
1527 2947 1754 3038 presentibus
1778 2967 1958 3023 commen·

422 3054 559 3139 damus,
588 3053 684 3146 quod
711 3053 945 3126 consideratis
975 3053 1144 3126 fidelibus
1167 3055 1333 3146 semicijs
1363 3057 1400 3126 et
1428 3051 1616 3146 industriis
1637 3054 1829 3140 laboribus,
1852 3054 1955 3126 nobis

422 3165 457 3235 et
478 3162 628 3236 ecclesie
649 3147 770 3234 ndstra
794 3161 994 3236 Gncaneusi
1016 3161 1176 3255 predicte
1197 3181 1261 3254 per
1290 3160 1482 3234 honestum
1503 3161 1698 3236 Iohannem
1721 3162 1811 3234 allas
1831 3160 1956 3235 lanke-

422 3289 504 3344 ncm
533 3273 750 3344 muratorem
779 3273 943 3342 nostmm
973 3267 1019 3342 de
1050 3270 1187 3342 Waeoro
1211 3269 1454 3362 multipliciter
1474 3271 1635 3363 inpensis
1668 3290 1711 3343 ac
1732 3272 1771 3343 in
1794 3269 1957 3344 futurum

264 3411 268 3420 ‚
422 3376 572 3454 Domino
593 3379 751 3472 propicio
780 3375 1027 3470 inpendendis,
1057 3376 1219 3450 volentes
1247 3375 1402 3450 eundern
1430 3377 1624 3450 Iankoncm
1646 3380 1769 3470 grecia
1790 3379 1957 3471 prosequi
2069 3405 2072 3411 ⁴

423 3485 577 3578 speciali,
611 3485 691 3571 eibi,
726 3485 802 3558 suis
832 3485 953 3580 liberis
985 3489 1023 3558 et
1051 3484 1318 3558 successoribus
1351 3484 1538 3576 legittimis
1572 3485 1782 3580 sculteciam
1811 3487 1849 3558 in
1871 3485 1958 3558 villa

423 3611 545 3666 mma
578 3595 701 3665 nostre
733 3591 893 3685 predide
923 3583 1102 3665 decebalo
1112 3596 1138 3680 ι)
1171 3591 1277 3678 dicu,
1311 3593 1351 3665 in
1382 3591 1547 3666 districm
1579 3595 1701 3665 nostro
1724 3592 1958 3678 Wneouiensi

426 3701 505 3787 sita,
540 3697 586 3774 de
619 3719 798 3774 consensu
829 3705 867 3773 et
897 3700 966 3774 sub
996 3699 1254 3774 ratihabicione
1288 3699 1546 3774 venerabiiium
1568 3698 1722 3774 iratmm
1744 3705 1957 3785 nostrerum,

426 3804 649 3882 dominorum
661 3807 830 3880 videlicet
843 3807 990 3902 capituli
1004 3806 1163 3901 predicte
1178 3811 1299 3880 nostm
1314 3806 1464 3880 ecclesie
1479 3805 1618 3894 domus,
1633 3806 1820 3895 donamus,
1833 3809 1959 3881 asscri-

424 3911 541 3988 bimus
579 3919 702 3989 tenore
740 3917 968 4010 presencium
1007 3918 1044 3989 et
1080 3915 1264 4006 largimur.
1308 3911 1462 3988 Nomine
1498 3917 1600 3988 cuius
1634 3915 1805 3988 scrdteeie
1842 3907 1975 3988 eidem

424 4017 571 4097 lankonl
598 4027 635 4096 et
661 4024 738 4096 suia
767 4023 955 4114 legittimis
983 4025 1137 4116 posteris
1167 4021 1257 4096 duos
1280 4041 1427 4096 mansos
1458 4027 1662 4112 mansos(s)
1685 4043 1852 4114 agrorum
1877 4043 1960 4100 cum
2036 4095 2037 4098 γ

424 4147 495 4204 vna
524 4130 673 4205 taberna
703 4129 835 4203 liberos
863 4131 903 4203 in
932 4128 1059 4204 eadem
1080 4129 1167 4203 villa
1194 4135 1318 4204 nostra
1345 4131 1523 4205 Smokeiro
1553 4151 1636 4204 cum
1666 4133 1754 4203 ortis
1781 4135 1818 4205 et
1846 4135 1960 4225 pratis

408 4255 467 4338 ac
496 4238 578 4332 eliis
599 4237 814 4310 vtilitatlbus
838 4237 1032 4310 eomndem
1059 4257 1278 4324 mansorum,
1308 4257 1392 4312 cum
1414 4240 1526 4310 tercia
1546 4244 1648 4332 parte
1670 4241 1831 4312 omnium
1854 4259 1961 4333 pena·

426 4360 503 4418 mm
525 4349 578 4418 rel
599 4344 791 4418 anusubet
812 4345 979 4432 iudicate,
1008 4349 1085 4418 toto
1107 4347 1307 4419 iuramento
1337 4343 1478 4432 damus,
1507 4347 1706 4419 anaetimus
1736 4351 1772 4420 ct
1801 4349 1961 4438 assigna·

426 4466 504 4525 mus
539 4452 762 4546 temporibus
797 4457 970 4546 perpetuo
1004 4451 1195 4526 duraturis.
1241 4453 1297 4526 De
1335 4451 1610 4546 quibusquidem
1646 4453 1786 4528 duobus
1822 4457 1959 4528 mansis

426 4559 582 4649 prelatus
603 4559 715 4634 Ianek
744 4565 781 4634 et
812 4563 870 4634 sui
891 4560 995 4634 liberi
1027 4563 1170 4634 racione
1200 4559 1338 4634 decime
1367 4581 1434 4656 per
1466 4579 1530 4634 sex
1560 4581 1704 4652 grossos
1736 4562 1888 4656 plebano
1921 4565 1988 4636 in¹

373 4721 377 4729 .
426 4665 642 4741 Boloeeceim
665 4667 819 4741 intesta
841 4670 959 4742 saneti
980 4668 1125 4742 Martini
1147 4672 1251 4742 annis
1274 4669 1426 4760 singulis
1449 4668 1588 4742 soluere
1609 4670 1835 4744 tenebuntur.
1881 4671 1961 4744 Pre-
2065 4761 2071 4775 ⁸

426 4775 500 4847 tera
521 4773 717 4849 memorato
739 4774 889 4850 lantsoni
912 4777 1065 4849 sculteto
1089 4797 1133 4850 ac
1155 4779 1231 4850 suls
1260 4776 1493 4850 succedaneis
1516 4777 1703 4868 legittimis
1726 4779 1764 4850 in
1786 4777 1961 4871 paludini·

426 4875 492 4954 bue
515 4881 620 4956 dictis
641 4891 820 4957 stram
841 4883 988 4956 diltusis
1017 4904 1083 4978 per
1111 4885 1242 4958 eduam
1270 4883 1406 4958 dietam
1434 4887 1540 4976 Lcap
1563 4883 1727 4978 piscandi
1749 4905 1813 4979 pro
1836 4907 1962 4960 mensa
1998 4899 2001 4906 ’

427 4984 584 5078 ipsorum
605 4987 780 5065 tantun
800 4991 950 5064 liberem
973 4991 1202 5066 concedimus
1217 4991 1437 5079 iacrdtatem,
1460 4994 1513 5065 ita
1533 4996 1666 5077 tamen
1690 4993 1785 5084 quod
1799 4994 1961 5087 prelatus

427 5089 535 5172 lanelr
555 5099 729 5173 scultetus
752 5103 789 5172 et
810 5101 868 5172 sui
890 5117 1116 5174 successores
1139 5102 1262 5174 ruinas
1287 5154 1432 5174 .....
1453 5119 1595 5173 morum
1616 5104 1655 5174 et
1669 5099 1856 5174 iornacum
1872 5105 1962 5176 anti·

428 5217 577 5291 quorum
597 5208 636 5281 ln
663 5206 823 5301 predicto
852 5214 968 5280 castro
996 5212 1118 5282 nostro
1141 5207 1374 5282 Wneouiensi
1405 5227 1488 5282 cum
1515 5213 1643 5303 parata
1675 5211 1825 5281 materia
1852 5210 1961 5284 reior-

429 5323 524 5387 nare
545 5315 771 5402 tenebuntur,
794 5313 881 5386 dum
904 5319 942 5414 et
963 5317 1133 5407 quociens
1155 5335 1265 5410 super
1288 5316 1356 5389 hoc
1371 5315 1505 5389 inerint
1526 5319 1698 5410 requisiti.
1746 5315 1959 5411 Quiquidem
