4720 6360
428 534 495 606 1⁷8

429 732 507 802 ltb.
555 733 653 804 1410.
678 728 736 804 die
759 733 814 803 21.
839 731 975 804 mensis
998 731 1166 824 Augusti,
1189 735 1228 804 in
1248 730 1398 806 Frsdele

590 945 801 1038 Designatio
823 967 944 1020 renim
967 949 1206 1042 pretiosarum
1229 969 1252 1022 e
1273 948 1465 1022 wilhelmo
1496 949 1541 1022 de
1563 949 1769 1041 Rosenbsrg
1791 901 1964 1042 quondam

430 1054 721 1128 commendatore
743 1058 781 1127 in
806 1055 1004 1147 Strosberg,
1028 1055 1225 1130 WladIslao
1248 1056 1287 1128 IL
1310 1059 1387 1148 regi
1409 1056 1575 1130 Poloniae
1596 1055 1818 1130 traditarum.

351 1312 355 1320 ·
590 1271 799 1348 innomine
822 1273 968 1346 Domini
992 1291 1107 1344 amen.
1155 1270 1230 1345 Sub
1254 1291 1346 1344 anno
1369 1271 1576 1346 Natiuitatis
1599 1271 1761 1344 eiusdem
1783 1271 1967 1352 mlllesimo

318 1461 321 1468 ¹
428 1378 781 1471 quadringentesimo
806 1381 955 1479 decimo,
986 1378 1185 1466 indiccione
1212 1381 1333 1466 tercia
1365 1379 1423 1452 die
1446 1379 1633 1464 dominico,
1661 1381 1968 1473 vicesimaprima

429 1489 564 1558 mensis
601 1489 768 1580 Augustl,
802 1489 892 1562 hora
919 1505 1151 1580 vesperorum
1185 1487 1243 1558 vel
1275 1489 1389 1578 quasi,
1420 1487 1653 1579 pontiticatus
1687 1489 1905 1575 sanctissimi
1933 1496 1967 1570 in

429 1593 570 1666 turneb
593 1599 706 1689 patris
729 1601 767 1668 et
789 1597 925 1668 domiui
954 1595 1077 1678 nostri,
1109 1593 1249 1680 domini¹
1274 1595 1441 1667 Iohannis
1471 1593 1594 1666 diuina
1623 1593 1968 1694 prouideucia'pape
2067 1671 2068 1674 Ν
2165 1591 2202 1610 ''

429 1703 595 1774 vicesimi
617 1705 731 1796 terclj,
755 1725 849 1777 auno
871 1705 987 1802 ipsius
1009 1703 1136 1796 primo,
1158 1703 1198 1774 in
1221 1701 1368 1774 eomodo
1397 1700 1617 1774 sandonus
1646 1701 1852 1774 immediate
1879 1707 1969 1782 circe
2067 1743 2070 1780 :
2143 1703 2149 1712 '

432 1809 662 1882 refectorium
688 1814 797 1884 castri
833 1805 1046 1905 episcopalis
1080 1811 1222 1894 Fronde,
1258 1813 1296 1882 in
1330 1812 1401 1882 mei
1435 1811 1562 1901 notarii
1601 1807 1735 1904 publici
1756 1811 1969 1904 testiumque

431 1916 742 2012 inheseriptomm
765 1918 812 1992 od
834 1919 904 1990 hoe
926 1917 1130 2013 specialiter
1154 1922 1364 1989 vocatorum
1386 1922 1423 1990 et
1445 1921 1650 2008 rogatorum
1672 1920 1867 2010 presencie,
1897 1939 1968 2014 per·
2073 1928 2075 1931 ’

430 2025 601 2098 sonaliter
624 2028 839 2100 constitutus
872 2025 1086 2099 venereblhs
1116 2029 1152 2097 et
1181 2025 1370 2116 religiosus
1394 2026 1459 2110 vir,
1496 2023 1661 2096 dominus
1684 2023 1899 2096 Wilhelmus
1928 2027 1969 2102 de

431 2132 647 2224 Rosenberg,
681 2133 861 2225 quondam
896 2131 1164 2206 commendator
1195 2135 1233 2204 in
1263 2132 1463 2223 Strasberg,
1494 2131 1694 2204 dulmensis
1729 2129 1902 2223 dyocesis,
1934 2137 1969 2208 in

430 2242 618 2332 presencia
644 2241 830 2315 reuerendi
864 2245 903 2314 in
927 2241 1066 2312 Christo
1098 2243 1211 2333 patris
1235 2245 1272 2312 et
1301 2240 1447 2326 domini,
1483 2239 1617 2312 domini
1646 2237 1795 2312 Arnoldi
1818 2241 1970 2335 epIseopi

432 2345 634 2420 Gulmensis
665 2353 702 2422 et
732 2347 949 2422 honorabilis
984 2351 1021 2420 st
1050 2350 1213 2420 strennui
1240 2347 1365 2420 rnilitls
1400 2346 1536 2420 doudni
1557 2346 1708 2438 Ianussij
1735 2345 1780 2418 de
1803 2349 1968 2436 Kreticoeo,

433 2457 572 2548 apenrlt
601 2455 781 2546 quendam
812 2460 951 2542 cistam,
987 2455 1111 2528 ferreis
1141 2455 1335 2527 luminibus
1366 2453 1624 2527 circumdatam
1654 2459 1691 2526 et
1718 2453 1834 2526 tribus
1863 2455 1970 2530 clauis

286 2561 321 2633 '.
432 2561 587 2656 desuper
610 2563 867 2647 conclauatam,
899 2583 1008 2654 quum
1039 2583 1122 2634 cum
1156 2565 1365 2655 apennisset,
1396 2583 1440 2634 ex
1470 2581 1514 2634 se
1542 2565 1677 2654 recepit
1699 2566 1735 2634 et
1757 2561 1917 2634 exhibuit
1937 2571 1971 2637 et

431 2675 558 2764 postea
580 2673 618 2743 in
642 2669 794 2744 eandem
818 2674 947 2743 cistam
971 2669 1144 2742 reintrudi
1167 2669 1255 2742 feeit
1278 2675 1448 2760 wenna
1468 2670 1679 2762 sollempnia
1694 2667 1848 2742 clinche
1869 2669 1971 2743 inha-

390 2788 393 2793 ’
433 2779 567 2872 scripte
590 2798 674 2850 cum
697 2779 858 2870 reliquiis
882 2783 1090 2850 sanctorum
1113 2779 1327 2852 interclusis.
1374 2777 1492 2850 Primo
1507 2797 1616 2850 mrem
1639 2797 1809 2867 magnum
1833 2797 1970 2852 crucem

433 2891 651 2977 argenteam,
676 2883 830 2978 desuper
852 2885 1063 2958 deauratam
1086 2891 1123 2958 et
1143 2885 1324 2978 lapidibus
1338 2887 1509 2979 preciosis
1526 2889 1698 2970 ornatam,
1723 2903 1806 2957 curn
1829 2885 1971 2958 notabili
2002 2907 2006 2916 ·

431 2992 523 3086 pede
554 2997 739 3084 argenteam
770 2995 856 3066 Item
886 3013 998 3065 vnam
1028 2995 1307 3066 monstronclam
1340 2998 1562 3082 argenteam
1592 2996 1812 3065 stammam
1846 2991 1971 3065 medio

433 3120 532 3172 crem
555 3101 847 3186 monstrantium,
872 3121 942 3193 que
966 3101 1071 3174 ambe
1094 3104 1335 3174 monstrauoie
1359 3100 1517 3193 pulchris
1541 3099 1839 3193 dispositionibus
1862 3101 1971 3194 sculp

432 3209 522 3280 turis
545 3207 693 3281 inererat
721 3205 900 3281 edomate.
947 3208 1037 3280 Item
1059 3229 1169 3281 vnum
1188 3227 1359 3300 magnam
1373 3208 1533 3280 tobielem
1549 3227 1632 3280 cum
1646 3209 1817 3300 reliquiis,
1840 3205 1971 3280 habeus

434 3337 457 3389 a
490 3317 647 3388 sinistris
678 3321 714 3386 et
746 3314 878 3388 dextris
913 3316 1055 3388 tabulas
1089 3317 1201 3408 varijs
1230 3315 1393 3408 reliquijs
1422 3315 1599 3408 impletas.
1645 3315 1733 3388 item
1762 3314 1971 3388 mediocrem

433 3422 595 3496 tebulom
619 3427 827 3513 argenteam
848 3421 987 3495 habens
1024 3424 1259 3496 consimiliter
1289 3424 1431 3496 tubulos
1456 3444 1477 3494 a
1500 3423 1632 3495 deruis
1657 3429 1693 3496 et
1714 3425 1869 3495 sinistris
1900 3422 1972 3494 reli·
2075 3473 2078 3476 -

433 3533 529 3623 quijs
552 3531 730 3623 impletas.
776 3530 866 3602 Item
888 3551 999 3604 ernam
1022 3551 1172 3624 paruam
1196 3531 1357 3604 tabidam
1373 3537 1579 3622 argenteam
1598 3531 1758 3623 reliquijs
1782 3532 1970 3624 impletam.

433 3638 523 3711 Item
544 3657 659 3720 vnum
681 3641 884 3730 preciosum
905 3639 1016 3710 altere
1032 3639 1198 3730 portatile
1214 3643 1424 3728 argenteum
1441 3643 1477 3710 et
1495 3637 1715 3710 deauratum.
1761 3639 1851 3711 Item
1866 3656 1972 3710 vnum

434 3765 607 3835 magnum
637 3745 786 3818 culicem
817 3766 900 3818 curn
924 3751 1065 3838 patena.
1112 3747 1186 3818 Hec
1216 3749 1339 3818 omnia
1367 3748 1544 3838 premisso
1575 3745 1740 3818 dominus
1764 3745 1971 3818 Wilbelmus

433 3851 615 3946 predictus
640 3851 685 3924 de
704 3847 804 3924 'cista
825 3853 989 3945 predicta
1018 3853 1178 3926 exhibuit
1207 3860 1244 3926 st
1268 3853 1426 3940 comodo,
1458 3875 1527 3944 quo
1558 3874 1638 3926 earn
1666 3855 1804 3925 inuenit
1827 3858 1863 3926 et
1884 3851 1971 3924 exhi·

331 3961 334 3965 ’
433 3960 521 4044 buit,
546 3963 598 4031 sic
623 3961 816 4043 asserebat,
841 3961 949 4032 sede
974 3968 1090 4032 castro
1115 3961 1304 4052 Stresberg
1326 3961 1373 4033 ad
1397 3967 1554 4033 castmm
1577 3960 1715 4034 Fredek
1730 3959 1971 4034 'uonsmisisse

435 4073 471 4140 et
494 4069 596 4140 illesa
619 4070 697 4140 sinc
721 4067 963 4140 diminucione
987 4069 1201 4141 exhibuisse.
1247 4069 1337 4140 ltem
1368 4069 1551 4162 predictus
1574 4069 1739 4141 dominus
1762 4063 1971 4141 Wilhelmus

434 4174 617 4266 quondam
650 4174 919 4246 commendator
953 4178 990 4246 in
1025 4175 1213 4266 Strnsberg
1249 4177 1410 4248 exhibuit
1444 4176 1534 4248 duas
1570 4197 1701 4269 cappas
1737 4177 1896 4248 chorales
1932 4171 1971 4242 do

434 4289 606 4364 semmot;
640 4285 727 4353 item
759 4281 920 4354 exhibuit
950 4303 1061 4354 vnum
1095 4289 1259 4355 ornatum
1284 4285 1433 4356 ecclesie
1468 4286 1647 4375 integrum
1683 4304 1765 4355 cum
1801 4280 1971 4375 argenteis

436 4389 611 4482 clinodijs,
635 4389 774 4461 seilicet
796 4409 906 4460 vnam
930 4391 1091 4462 casulam
1114 4391 1272 4464 flaueam
1296 4397 1332 4462 et
1356 4412 1506 4484 cappam
1522 4391 1699 4463 choralem
1719 4391 1829 4462 flautei
1853 4387 1971 4461 coloris

436 4499 615 4587 argenteIs
640 4495 805 4588 clinodijs
829 4501 984 4582 ornatas,
1010 4502 1046 4569 et
1069 4497 1158 4570 duas
1183 4501 1324 4570 tunicas
1348 4497 1559 4570 dalmaticas
1583 4501 1659 4571 sine
1683 4499 1847 4590 clinodijs
1870 4491 1972 4568 ssauei

437 4607 574 4689 coloris,
599 4625 689 4694 quas
714 4606 885 4690 casulem,
919 4626 1071 4698 cappam
1104 4613 1139 4676 et
1171 4606 1382 4678 dalmaticas
1406 4607 1579 4678 duntaxat
1608 4607 1788 4700 predictus
1813 4605 1971 4678 dominus

438 4713 652 4786 Wilhelmus
689 4713 843 4783 assentit
872 4717 909 4784 et
938 4717 1156 4802 recognouit,
1192 4713 1387 4786 reuerendo
1411 4716 1449 4785 in
1472 4713 1611 4786 Christo
1646 4721 1746 4807 patre
1770 4735 1812 4786 ac
1835 4711 1971 4785 dominc

436 4819 593 4892 Amoldo
618 4821 784 4911 episcopo
815 4819 998 4891 C‘ulmensi
1021 4821 1090 4892 sibi
1115 4828 1151 4893 et
1183 4823 1332 4894 ecclesie
1365 4843 1429 4894 sue
1452 4825 1490 4893 in
1514 4823 1607 4894 bone
1640 4822 1714 4894 fide
1737 4843 1803 4894 sua
1826 4821 1970 4893 donasse

438 4937 474 5000 et
497 4927 639 4998 dedisse
663 4929 750 4998 tunc
774 4930 956 5020 temporis
982 4927 1123 5018 quando
1147 4935 1306 5000 castrum
1323 4931 1511 5020 Stroeberg
1533 4933 1684 5001 rexisset
1699 4934 1734 5001 et
1749 4923 1969 5023 possedisset.

438 5036 527 5106 Item
551 5035 669 5106 dietus
694 5033 860 5106 dominus
886 5035 1099 5107 Wilhelnrus
1124 5037 1266 5130 publIce
1296 5039 1478 5109 consensit
1508 5042 1545 5109 et
1575 5040 1606 5108 ei
1629 5040 1772 5131 placuit,
1796 5039 1837 5108 vt
1859 5029 1971 5106 omnis

438 5141 645 5234 supradicto
686 5143 914 5213 serenissimo
946 5149 982 5212 et
1013 5145 1205 5232 magniIico
1245 5146 1397 5236 principi
1428 5150 1464 5217 et
1494 5145 1646 5230 domino,
1677 5143 1872 5216 Wladislao
1901 5131 1971 5224 regi

438 5251 581 5322 I'olcnie
603 5269 668 5341 per
691 5247 892 5340 predictum
915 5249 1101 5322 dominum
1118 5255 1325 5344 episcopum
1342 5251 1569 5324 Culmensem
1586 5252 1677 5324 tradi
1692 5257 1813 5345 posset
1835 5245 1971 5322 nomino

438 5361 494 5428 sni
519 5363 554 5429 et
577 5356 712 5428 ordinis
736 5359 802 5427 sni.
850 5357 904 5428 lle
928 5364 964 5429 ct
987 5379 1095 5452 super
1118 5360 1247 5450 quibus
1272 5360 1437 5431 omnibus
1461 5367 1497 5433 et
1520 5361 1670 5450 singulis
1700 5351 1970 5432 exhibitionibus

438 5464 679 5566 predictorum
703 5471 739 5535 et
761 5469 1007 5554 recognitione
1035 5467 1252 5538 reuerendus
1282 5470 1318 5539 in
1350 5465 1489 5540 Christe
1520 5473 1630 5564 petor,
1661 5469 1826 5542 dominus
1855 5453 1970 5538 Arnol·
