4722 6360
390 405 458 492 tot

391 563 468 689 lbi.
517 561 1359 712 ator.dca.menslsnprttls,tn1rosa·ot²f
1385 625 1412 654 ·'
1453 679 1456 687 .
1622 629 1662 696 1³·

390 845 394 854 .
543 775 723 852 Nicotaus
755 775 1045 870 archiepiscopus
1085 775 1305 852 Gnesncnsis
1347 779 1490 854 cuidam
1521 779 1667 856 Nicolao
1699 733 1852 868 cmetonl
1879 801 1917 882 a,

388 886 575 960 Samoou
597 885 732 960 molam
754 885 903 990 invitia
923 888 1068 960 Koscidt
1090 886 1264 960 coniert.
1304 883 1316 970 ,’
1375 965 1377 972 ,
1575 943 1581 950 .

551 1047 593 1122 in
615 1050 760 1122 nornine
789 1046 936 1120 Domini
966 1067 1082 1121 amen.
1130 1045 1306 1136 Quoniam
1337 1047 1487 1140 dignum
1520 1050 1595 1124 iore
1625 1049 1855 1148 dignoscitur,
1884 1081 1917 1148 η

388 1157 560 1248 quociens
593 1157 689 1230 bona
722 1155 934 1248 temporalia
968 1157 1008 1228 in
1037 1175 1210 1249 personas
1242 1156 1386 1230 ¹alienas
1410 1157 1694 1246 transferuntur,
1727 1164 1860 1241 tociens
1885 1180 1915 1253 iq

388 1265 517 1338 litteris
541 1267 733 1339 autenticis
766 1283 850 1335 cum
882 1261 1148 1353 iidedignorum
1180 1266 1385 1336 testimonio
1421 1263 1550 1338 debeat
1581 1265 1749 1354 roborari,
1783 1277 1916 1363 proinde

307 1441 308 1444 ,
388 1389 454 1446 nos
483 1370 653 1446 Nicotaus
686 1371 753 1443 Dei
790 1373 924 1462 gracia.
946 1375 1070 1443 sancte
1110 1369 1329 1445 Gnennensis
1367 1372 1516 1446 ecclesie
1550 1372 1848 1470 archiepiscopus,
1879 1394 1915 1466 aa

387 1483 648 1567 celaenarum,
681 1485 757 1551 tarn
779 1481 1018 1572 presencium,
1050 1499 1158 1569 quam
1192 1479 1395 1552 futurorum
1425 1482 1594 1554 noticiam
1624 1485 1812 1576 pemanire
1832 1493 1915 1570 volu.

388 1607 471 1662 urus
493 1589 722 1683 presencium
744 1606 809 1680 per
830 1591 1002 1671 tenorem,
1026 1585 1122 1678 quod
1146 1589 1330 1679 cupientes
1352 1587 1447 1660 bona
1470 1607 1593 1660 mense
1615 1593 1736 1662 nostre
1759 1593 1915 1694 archieps

387 1697 543 1790 scopalis
566 1697 604 1768 in
626 1715 716 1768 vsus
754 1691 931 1766 deducere
966 1694 1130 1775 meliores
1163 1699 1213 1782 et
1233 1697 1419 1786 signanter
1452 1695 1646 1768 molendini
1676 1699 1791 1770 nostri
1819 1722 1915 1802 propa

389 1805 527 1877 curiam
549 1809 711 1878 nostram
734 1804 772 1884 in
796 1803 936 1874 Gcscccl
959 1806 995 1874 et
1017 1803 1056 1874 in
1077 1807 1175 1874 terra
1196 1802 1429 1888 Lancictensi,
1459 1799 1496 1874 in
1519 1803 1670 1876 flumine
1692 1807 1835 1880 Bracara
1854 1817 1914 1902 siti,

388 1910 636 1985 condicionem
658 1909 740 1983 lieri
763 1910 957 1996 meliorem,
981 1909 1049 1981 sub
1071 1909 1331 1983 ratihabicione
1345 1910 1604 1983 venerabilium
1618 1909 1772 1988 fratrum
1794 1923 1915 1996 nostro

386 2039 479 2106 nrm,
503 2016 920 2108 domtnornmvidelicet
943 2017 1091 2111 capituli
1114 2017 1344 2103 Gneaneneis,
1367 2021 1516 2090 terciam
1539 2022 1729 2092 metretam
1751 2041 1816 2094 seu
1831 2045 1914 2102 men·

387 2148 511 2201 suram
535 2125 697 2200 eiusdem
719 2124 916 2198 molendini
929 2125 1079 2198 honesto
1094 2127 1171 2196 viro
1194 2123 1342 2198 Nicolao
1353 2125 1540 2199 kmcthoni
1560 2125 1604 2198 de
1618 2126 1804 2202 swarowo
1825 2149 1914 2228 erpa

387 2239 528 2308 suimus
551 2239 588 2308 et
608 2233 849 2320 vendidimus,
874 2233 1156 2326 exponimusque
1181 2253 1223 2304 ac
1244 2232 1436 2306 vendimus
1459 2237 1582 2306 tenore
1596 2237 1914 2328 presencinmsen·

387 2343 527 2417 dicione
548 2345 723 2436 perpetua
746 2345 783 2414 et
804 2340 1029 2414 irrcuocebiii
1057 2337 1122 2434 pro
1153 2345 1251 2413 certa
1273 2343 1446 2434 peccunia
1469 2344 1678 2433 quantitate.
1725 2342 1791 2416 Cul
1813 2349 1913 2424 eciam

264 2457 298 2532 ’,
386 2451 532 2525 Nicolao
556 2447 830 2524 molendinatori
852 2469 966 2521 vnum
980 2449 1114 2521 ‘ortum
1145 2452 1182 2520 et
1203 2469 1316 2521 vnum
1339 2453 1484 2542 pratum
1513 2451 1552 2522 in
1580 2447 1773 2543 paludibus
1795 2459 1913 2530 nostris

385 2579 496 2654 prope
520 2558 657 2632 dictum
680 2555 927 2630 molendinum
949 2575 1014 2650 per
1035 2576 1102 2628 nos
1126 2555 1364 2648 assignandos
1388 2561 1426 2629 et
1447 2555 1745 2630 dimensurandos
1761 2558 1913 2636 addimus

386 2673 423 2740 ct
445 2666 676 2758 adiungimus
700 2664 747 2738 sd
769 2669 958 2736 metretam
981 2665 1130 2736 terciam
1154 2662 1383 2738 antedictam.
1414 2664 1469 2736 De
1485 2664 1701 2757 quoquidem
1724 2667 1913 2743 molendino

385 2795 452 2850 nos
473 2775 536 2849 uel
557 2774 672 2847 nostri
694 2791 921 2846 successores
945 2771 1046 2858 duas,
1079 2771 1198 2844 dictus
1221 2792 1305 2846 vero
1329 2771 1498 2845 Nicotaus
1529 2771 1789 2846 molendinator
1810 2780 1846 2847 et
1865 2779 1913 2848 sui

386 2902 613 2956 successores
644 2869 766 2954 ιιιιιιιιΙ
791 2885 912 2974 partes
945 2881 1106 2953 omnium
1131 2879 1452 2953 emolimentorum
1481 2881 1521 2952 in
1554 2879 1679 2952 eodem
1711 2881 1912 2968 molendino,

385 2991 649 3064 frumentorum
672 2991 932 3079 cuiuscumque
964 2989 1068 3079 grant
1097 2987 1242 3073 luerint
1272 2987 1395 3060 tollere
1425 3007 1492 3060 seu
1519 2989 1676 3082 recipere
1705 2986 1913 3062 debebimus.

385 3098 460 3171 Hoc
489 3117 632 3189 quoque
662 3095 801 3170 adiecto
831 3097 1034 3190 specialiter
1062 3100 1099 3168 et
1130 3111 1308 3190 expresso,
1348 3095 1443 3186 qnod
1466 3094 1763 3186 quandocumque
1784 3099 1821 3168 ct
1840 3097 1913 3188 qud

386 3207 641 3296 cienscumqua
664 3203 801 3277 dietum
824 3202 1069 3276 molendinum
1103 3202 1148 3276 de
1182 3222 1276 3276 nouo
1306 3205 1466 3276 construi
1503 3223 1568 3276 seu
1601 3205 1640 3275 in
1674 3203 1795 3295 aliqua
1810 3203 1913 3296 ‘parta

385 3313 572 3386 reformari
595 3316 659 3385 aut
679 3311 818 3405 lapides
842 3311 994 3384 molares
1017 3311 1076 3384 uel
1100 3330 1325 3404 quecumque
1362 3311 1581 3384 ferramenta
1611 3315 1675 3384 aut
1704 3311 1775 3406 elia
1803 3329 1913 3383 neces

384 3422 481 3512 saria
503 3439 567 3513 pro
591 3418 718 3493 eodem
748 3417 950 3492 molendino
983 3422 1181 3512 comparari
1212 3422 1416 3492 senectam
1440 3437 1619 3510 aggerem,
1650 3421 1689 3490 tn
1712 3439 1782 3510 quo
1804 3419 1911 3512 ipsura

386 3527 632 3600 molendinum
664 3529 775 3616 situm
805 3532 888 3612 est,
907 3525 1090 3598 amandari
1121 3528 1320 3617 contigerit
1352 3531 1440 3599 tunc
1475 3525 1521 3600 ad
1555 3546 1599 3598 ea
1631 3545 1697 3599 nos
1726 3526 1787 3598 uel
1813 3525 1912 3598 nostrl
2035 3525 2036 3529 ’

384 3638 612 3709 successores
635 3635 737 3722 duos,
760 3634 922 3729 prelatus
947 3641 1069 3707 autem
1091 3635 1262 3707 Nicotaus
1277 3634 1539 3708 molendinator
1562 3639 1599 3706 et
1621 3635 1677 3706 sui
1701 3649 1912 3706 successores

383 3763 497 3816 vnum
531 3742 697 3816 denarios
726 3741 818 3816 dare
849 3763 892 3815 ac
923 3741 1131 3834 impendere
1164 3739 1382 3814 tenebuntur
1414 3745 1586 3828 incensa
1620 3741 1781 3835 prelatus
1804 3743 1912 3812 autem

384 3851 554 3926 Nicotaus
593 3849 854 3924 molendinator
886 3854 923 3923 et
954 3853 1013 3922 sui
1044 3869 1272 3922 successores
1305 3850 1475 3940 legittimi
1505 3851 1654 3922 terciam
1687 3853 1826 3942 partem
1857 3863 1912 3916 seu

384 3979 592 4032 mensuram
626 3961 787 4051 ipsorum
819 3957 906 4030 dicti
941 3957 1136 4030 molendini
1160 3978 1245 4030 cum
1275 3963 1351 4030 orto
1376 3961 1412 4028 at
1433 3961 1546 4050 preto,
1580 3958 1685 4028 sicuti
1709 3957 1911 4050 premissum

385 4073 450 4152 est,
477 4065 635 4151 tenendi,
666 4065 832 4150 habendi,
863 4065 1082 4158 possidendi,
1112 4064 1319 4151 rtilruendi,
1352 4063 1540 4151 vendendi,
1572 4063 1750 4137 alienandi
1773 4067 1810 4134 et
1831 4077 1912 4132 com·
1991 4088 1994 4093 >

384 4174 558 4261 mutandi,
593 4177 715 4246 nostro
747 4177 869 4246 tamen
899 4177 1173 4263 nostrorumque
1203 4193 1453 4245 successomm
1484 4170 1594 4245 adid
1625 4171 1814 4244 accedente
1842 4183 1911 4240 con·

384 4303 504 4369 sensu,
535 4281 756 4374 temporibus
781 4281 962 4352 duraturis
985 4285 1167 4373 perpetuo,
1198 4279 1383 4352 habebunt
1404 4280 1558 4372 plenam,
1581 4279 1732 4351 liberam
1756 4282 1792 4350 et
1814 4271 1911 4346 omnl-

385 4389 529 4463 modam
552 4393 779 4482 potestatem.
825 4389 962 4461 Harum
986 4388 1116 4478 quibus
1140 4391 1303 4460 nostrum
1327 4391 1363 4460 et
1386 4387 1472 4458 dicti
1496 4387 1643 4479 capituli
1671 4385 1784 4458 nostri
1806 4375 1911 4470 sigilla

384 4501 652 4592 appensasunt
679 4499 883 4568 testimonio
914 4497 1124 4568 litterarum.
1170 4497 1305 4567 Actum
1335 4500 1371 4567 et
1402 4495 1526 4568 datum
1556 4493 1689 4566 ibidem
1718 4495 1755 4564 in
1787 4483 1911 4562 Ooscsol

382 4606 474 4678 lenia
496 4609 599 4676 sexta
620 4605 783 4696 proxima
812 4609 895 4697 post
926 4603 1144 4676 dominicam
1168 4601 1385 4691 Quasimodo
1409 4604 1531 4692 geniti,
1563 4623 1656 4674 anno
1679 4599 1823 4674 Domini
1845 4589 1910 4666 mil·

381 4711 884 4803 lesimo‘quadringentestmo
909 4715 1072 4805 septimo.
1120 4711 1349 4784 Prosentibus
1374 4711 1537 4782 discretis
1560 4714 1597 4782 et
1619 4708 1797 4782 nobilibus
1819 4701 1910 4773 viris:

381 4821 575 4893 Benedicta
599 4821 637 4892 in
659 4822 848 4905 Icocaawo,
873 4817 1056 4892 Clemente
1077 4823 1117 4892 in
1139 4820 1320 4904 Dobrowo,
1344 4819 1455 4892 Vitali
1471 4821 1509 4890 in
1525 4821 1672 4906 Vaepow
1686 4815 1905 4889 ecclesiarum

381 4928 590 5012 rectoribus,
614 4926 825 4999 Mrocalrone
854 4930 1003 5013 notario,
1034 4927 1244 5000 Leonhardo
1275 4926 1498 4999 marschalco
1528 4931 1565 4998 et
1593 4925 1751 5018 limytha
1780 4913 1911 5010 suppin-
1999 4957 2000 4960 κ

382 5056 490 5108 cerna
512 5037 611 5108 curie
633 5039 763 5118 nostre,
789 5035 942 5126 aliisque
964 5034 1125 5128 pluribus
1150 5034 1302 5106 testibus
1325 5032 1529 5124 iidedignts.

544 5195 710 5253 Dotament
728 5195 946 5269 purgaminowy,
974 5194 1175 5269 przecbowany
1202 5213 1228 5252 w
1254 5160 1407 5253 archivum
1426 5193 1557 5269 lrapituiy
1583 5189 1817 5270 metropolitains}
1842 5178 1909 5256 εῦῑθ·

381 5285 535 5358 iniciekiej
564 5285 614 5357 (N.
633 5287 708 5358 303),
727 5293 881 5360 opatrzony
904 5283 953 5358 bpl
977 5287 1139 5359 picrrrotnie
1157 5285 1277 5343 dwiema
1304 5287 1491 5360 piecrqciami,
1519 5303 1557 5342 aa
1573 5285 1730 5343 mnurlraelr
1748 5303 1763 5342 ι
1781 5281 1910 5338 ιόὶοπίῖῦ

380 5379 391 5434 Ι
409 5377 553 5450 aialonegc
570 5375 711 5446 jedwablu
724 5375 940 5448 uwieazouycb,
958 5375 1105 5450 alrtdrpcb
1118 5392 1156 5451 po
1169 5375 1279 5450 drugiej
1289 5375 1378 5434 acatal
1388 5375 1468 5450 tylko
1477 5375 1604 5434 mantel
1614 5377 1714 5433 werla
1724 5363 1908 5432 ssietnsles‘i

2060 657 2130 733 rto.
2180 650 2279 720 140⁷.
2303 637 2327 718 d

2216 843 2306 918 Albe

2059 959 2129 1049 regi
2152 951 2318 1026 Potoniae

2213 1147 2287 1222 Nos
2314 1085 2335 1220 d

2065 1280 2140 1340 mus
2161 1263 2284 1329 tenore
2306 1273 2335 1348 p:

2063 1368 2168 1445 ciente
2187 1361 2232 1436 de
2249 1361 2335 1436 meri

2063 1475 2198 1554 l‘olonlc
2223 1472 2326 1560 argui

2066 1585 2156 1679 (quus
2190 1575 2335 1650 studiosi

2066 1673 2167 1790 prout
2186 1687 2323 1758 iustam

2066 1807 2098 1876 ct
2119 1798 2259 1869 sincera
2288 1787 2335 1864 tte

2066 1915 2098 1980 et
2119 1911 2240 1976 tenore
2262 1917 2335 1993 pres

2067 2007 2232 2113 quamdiu
2253 2001 2335 2078 vitat

2068 2121 2160 2195 ribus
2183 2113 2335 2186 descrere

2070 2225 2245 2316 obsequio,
2270 2240 2335 2293 eur

2071 2355 2145 2410 mus
2179 2333 2327 2421 insuper

2070 2447 2226 2516 nostrum
2241 2437 2335 2528 greci

2072 2551 2161 2622 tibus
2194 2551 2230 2618 et
2264 2564 2335 2616 com

2073 2657 2271 2730 constanter
2291 2671 2335 2744 pr

2075 2763 2213 2838 timonio
2236 2760 2335 2831 litere

2074 2861 2233 2964 baptiste,
2259 2886 2335 2940 ann<

2228 3080 2307 3138 Tetra
2324 3080 2335 3136 i

2078 3195 2098 3234 ιι
2115 3174 2276 3232 trahimus
2296 3169 2335 3228 ko}

2083 3681 2150 3749 ιιι.
2198 3654 2335 3748 raone

2241 3891 2335 3963 Sem(

2086 3998 2335 4072 Posnaniensen

2087 4105 2261 4179 dirimens.

2241 4303 2335 4376 itt

1995 4465 2006 4482 .
2090 4415 2120 4480 et
2149 4412 2335 4485 dissensior

2091 4537 2198 4605 suum,
2222 4520 2267 4592 ab
2291 4539 2335 4589 vn

2092 4622 2154 4712 lde)
2177 4631 2312 4716 ayone,

2092 4730 2200 4821 attera,
2225 4737 2335 4807 ierts

2091 4845 2175 4914 tores
2198 4845 2335 4916 vilarun

2094 4953 2241 5023 curtium
2264 4951 2335 5040 iring

2096 5059 2287 5130 czouienscs
2311 5077 2335 5128 el

2098 5173 2209 5238 manso
2233 5185 2335 5258 pero

2098 5264 2254 5360 adstricti,
2286 5295 2327 5346 eo

2100 5369 2303 5452 Kcszlosaow
2327 5403 2335 5451 t
