4448 6210
417 768 623 851 wladislaus
646 762 685 832 Π·
710 782 770 832 ΓΘΧ
794 761 936 832 Polonio
966 760 1110 832 Nicolao
1142 729 1335 832 castellano
1360 759 1570 832 Santocensi
1593 757 1621 831 L
1645 777 1786 830 marcas

308 903 401 993 ‚nib
421 875 607 960 Nowcroics
627 869 796 942 inscribit„
852 975 854 979 Ι

17 1106 20 1124 ³
49 1110 129 1175 pes„
415 1070 621 1154 wladislaus
645 1067 710 1137 Dei
735 1069 857 1156 gracia
879 1086 940 1136 ror
955 1065 1109 1150 Palania,
1134 1066 1393 1156 Litbuanieque
1414 1069 1580 1158 princeps
1596 1084 1787 1158 supremus

17 1200 147 1271 ccc,
305 1248 313 1267 ,
347 1211 432 1277 was
467 1180 589 1255 Russic
626 1180 692 1245 etc.
738 1174 988 1262 significamus
1029 1179 1151 1245 tenore
1189 1176 1424 1265 presencium,
1465 1173 1595 1264 quibus
1627 1171 1787 1265 expedit,

37 1296 68 1362 l'·
100 1346 157 1389 ···.·
314 1306 436 1383 „pn-13,
469 1282 639 1381 quomodo
675 1280 900 1353 attendentes
924 1302 1013 1373 pure
1043 1280 1128 1352 iidci
1161 1284 1407 1352 constanciam
1438 1285 1474 1352 et
1503 1279 1691 1351 fidelitatis
1715 1284 1788 1352 stu·

17 1419 67 1468 rc«
89 1442 156 1489 ,Ἣ
300 1486 303 1490 ἡ
330 1440 362 1487 ,,
380 1399 546 1488 obsequia,
571 1390 699 1480 quibus
723 1393 892 1460 strenuus
922 1388 1091 1460 Nicolaus
1115 1389 1360 1475 (castellanus)
1385 1387 1652 1472 Santboccnsis,
1685 1389 1788 1458 miles

17 1518 26 1570 l
47 1512 67 1576 d
91 1540 111 1563 ··
135 1564 139 1571 .
231 1550 244 1569 ·
299 1541 379 1605 ,ccc
397 1506 504 1585 tidelis
528 1499 687 1580 dilectus,
719 1503 839 1567 nostre
871 1498 1052 1568 maiestati
1080 1497 1306 1588 complacuit,
1338 1503 1374 1567 et
1404 1495 1521 1568 adbuc
1546 1501 1651 1567 aucto
1675 1494 1788 1566 iidcii·

23 1611 97 1681 irr-
128 1668 156 1701 .,
306 1658 350 1701 „a
375 1615 481 1693 studio
512 1608 664 1701 potuerit
700 1608 925 1696 prestantius
964 1605 1185 1696 complacere
1220 1607 1257 1675 iu
1291 1604 1464 1688 lutumm,
1497 1603 1627 1675 borum
1656 1606 1788 1675 intuitu

17 1736 148 1807 apen..
242 1718 246 1723 “
313 1748 411 1805 ,Μ
442 1724 554 1813 ipsum
593 1714 794 1802 graciarum
833 1716 1037 1783 nostranrm
1079 1715 1246 1805 prosequi
1283 1712 1469 1785 fauoribus
1507 1715 1543 1782 et
1581 1711 1627 1785 cd
1665 1717 1789 1783 nostra

17 1874 19 1885 .
52 1846 80 1893 rr.
100 1860 154 1905 aa..
299 1840 404 1911 ,apen
424 1826 583 1900 continuo
607 1819 753 1892 reddere
775 1822 1047 1912 prompciorcnr,
1071 1820 1140 1890 sibi
1164 1823 1202 1890 in
1225 1827 1261 1891 et
1284 1840 1392 1912 super
1414 1820 1501 1890 villa
1514 1824 1638 1891 nostra
1660 1821 1790 1890 Nowo·

17 1936 101 1999 ine·
136 1980 151 2001 ..
295 1974 353 2033 ,ps
371 1934 570 2024 nuncupata,
594 1929 664 1999 sita
687 1929 724 1997 in
748 1927 912 1999 districtu
937 1926 1178 2012 Obomicensi,
1203 1929 1464 2018 quinquaginta
1479 1948 1621 1999 marcas
1645 1929 1788 1999 numeri

17 2057 67 2102 cc.
298 2045 469 2145 penderis
492 2035 754 2119 Polonicaiium,
785 2035 1023 2126 quadraginta
1052 2041 1131 2107 octo
1162 2055 1307 2125 grossos
1337 2038 1376 2106 in
1406 2035 1603 2126 quamlibet
1626 2055 1787 2107 marcam

17 2162 66 2213 un
88 2154 146 2217 i...
319 2148 494 2248 mactando,
528 2144 573 2216 ad
608 2145 695 2215 alias
731 2145 912 2234 pecunias,
947 2163 1036 2233 quas
1070 2145 1107 2214 ln
1140 2142 1267 2214 eadem
1292 2143 1380 2214 villa
1412 2143 1543 2214 habere
1579 2141 1788 2228 dinoscitur,

17 2247 146 2329 berre-0
296 2263 460 2353 ,uidimus
492 2253 689 2341 damusque
724 2254 760 2322 et
792 2250 958 2323 addimus
993 2270 1166 2340 generose
1197 2250 1328 2322 barum
1360 2254 1452 2322 serie
1490 2250 1683 2336 mediante,
1724 2271 1790 2343 per

35 2372 65 2423 cc
88 2388 153 2431 υ..
312 2389 377 2441 cnm
397 2370 430 2436 el
449 2362 558 2454 ipsius
589 2378 813 2430 successores
837 2359 1032 2448 legittimus
1062 2378 1145 2430 cum
1173 2359 1340 2431 omnibus
1361 2359 1446 2430 ville
1476 2357 1636 2451 predicte
1658 2359 1789 2430 atilita·

17 2476 149 2535 aaran
326 2501 368 2557 cc,
387 2469 553 2551 rensibus
576 2465 784 2549 redditibus,
808 2466 996 2551 fructibus,
1020 2469 1263 2558 pertinencijs‚
1293 2466 1515 2558 cohercncijs
1540 2471 1576 2538 et
1599 2465 1788 2559 appendijs

20 2590 109 2635 cm·
122 2600 146 2639 ‚c
297 2582 440 2662 ¹mersis,
480 2574 524 2648 ad
555 2578 672 2667 ipsam
704 2573 969 2665 quomodolibet
1003 2574 1249 2666 spectantibus
1289 2573 1334 2646 ab
1373 2577 1531 2664 antiquo,
1570 2573 1788 2659 habendum,

17 2695 35 2740 ¹¹
60 2698 149 2752 va·
299 2686 452 2768 -·:·.cndum‚
484 2681 726 2754 vtiiruendum
762 2687 798 2754 et
831 2682 983 2774 pacifice
1017 2681 1285 2773 possidendum,
1320 2686 1427 2774 prout
1459 2674 1587 2774 ipsam
1612 2681 1789 2754 hactenus

17 2794 91 2850 ¹¹⁰³
130 2818 147 2849 ³
297 2798 391 2875 :abiait
416 2793 525 2863 tenuit
547 2794 582 2860 et
604 2789 773 2882 possedit,
805 2789 953 2873 tamdiu,
983 2809 1168 2881 quousque
1192 2790 1262 2862 sibi
1287 2791 1346 2861 rel
1375 2792 1490 2883 ipsius
1520 2790 1789 2862 successoribus

17 2901 144 2957 leuc-a
296 2902 434 2981 unctionis
455 2896 609 2990 predicte
632 2896 920 2987 quadragintats)
960 2917 1080 2969 marce
1103 2918 1166 2989 per
1197 2917 1263 2969 nos
1295 2898 1353 2969 vei
1382 2902 1524 2970 nostros
1563 2918 1789 2970 successores

294 3010 388 3078 :aiot
408 3005 620 3095 integraliter
650 3005 846 3097 persolute;
882 3005 1012 3095 quibus
1043 3005 1169 3076 solutis
1192 3005 1279 3076 villa
1296 3008 1432 3078 ¹nostra
1460 3004 1624 3098 predicta
1654 3004 1700 3076 ad
1724 3025 1790 3078 nos

294 3136 333 3182 :a
350 3112 388 3183 ad
409 3117 540 3184 nostros
564 3132 788 3202 successores
812 3117 1012 3184 reuertetur
1034 3115 1219 3185 viceuersa
1233 3114 1338 3205 pleno
1362 3116 1449 3184 iure.
1496 3112 1790 3185 Contribucioncs

292 3237 384 3320 ecem¹
397 3223 429 3290 ct
450 3239 691 3310 quascumque
714 3219 881 3292 daciones
912 3240 975 3312 pro
1005 3220 1225 3292 stacionibus
1254 3223 1387 3293 nostris
1411 3225 1448 3292 et
1471 3223 1646 3293 consortis
1669 3225 1790 3293 nostre

182 3396 185 3401 ,
295 3324 441 3396 academ
462 3327 546 3397 vllla
568 3327 644 3398 dari
667 3328 791 3400 solitas
815 3333 852 3399 ct
875 3332 1076 3412 consuetas,
1099 3349 1163 3420 pro
1178 3328 1282 3400 nobis
1305 3332 1343 3399 et
1365 3328 1634 3401 successoribus
1657 3331 1790 3400 nostris

17 3451 39 3501 ι.
62 3454 145 3489 m·
296 3431 409 3503 naliter
428 3453 659 3506 reseruamus.
705 3435 840 3507 Harum
865 3436 995 3527 quibus
1019 3436 1179 3526 sigillum
1201 3440 1366 3508 nostrum
1389 3440 1446 3508 est
1469 3455 1669 3529 appensum
1692 3439 1790 3508 testi·

17 3541 97 3588 '‘³⁸''
119 3532 143 3571 ⁵
296 3538 378 3608 aab
396 3538 580 3613 literarum.
626 3542 761 3615 Datum
785 3542 955 3615 Cracouic
978 3544 1069 3615 feria
1099 3548 1200 3616 sexta
1222 3547 1385 3636 proxima
1413 3548 1497 3636 post
1526 3543 1662 3616 testum
1685 3543 1795 3616 bcatc.

290 3644 452 3731 ¹antonne,
475 3668 565 3721 anno
588 3649 732 3723 Domini
757 3651 945 3722 millesimo
976 3650 1329 3742 quadringentesimo
1352 3652 1553 3725 vndecimo.
1578 3691 1619 3705 -
1645 3652 1797 3725 Relacio

297 3752 393 3822 inici
413 3753 543 3828 Nicolai
567 3758 823 3851 archiepiscopi
846 3760 1071 3844 Haliciensis,
1094 3762 1196 3849 regni
1218 3759 1362 3832 Polonie
1386 3761 1681 3853 vicecancellarij.

229 220 253 1283 ι
315 636 342 691 μ
387 590 473 668 1411.
496 573 551 645 dic
575 565 628 639 27.
653 563 786 635 mensis
810 559 1032 647 Novembris,
1056 553 1257 648 cracoviae

17 3171 40 3221 ia
61 3168 147 3225 clau

17 3258 52 3313 ck
69 3278 142 3327 m

413 3949 487 4009 'l'eka
511 3954 724 4012 Naraazenicza
742 3958 775 4012 il
795 3955 834 4013 N.
854 3957 897 4024 10,
924 3975 940 4013 z
967 3955 1117 4029 oryginclu
1144 3957 1396 4031 pergaminowego,
1422 3956 1659 4031 praechowanego
1686 3955 1791 4030 niegdy

291 4032 448 4096 muna
465 4040 625 4114 koronncm,
653 4061 672 4102 u
700 4045 816 4118 ktdrego
847 4046 917 4102 atoli
944 4044 1104 4103 brakcnelc
1131 4046 1177 4117 iub
1204 4048 1334 4120 piecaqci.
1370 4047 1408 4105 W
1435 4046 1586 4120 nngldwku
1613 4046 1791 4105 dckumcntn

294 4124 383 4197 '⁸255
400 4127 512 4202 potiano,
529 4139 560 4190 le
579 4143 626 4192 ten
645 4133 762 4205 blikolci
783 4135 926 4192 kasztclan
944 4136 1083 4206 santockq
1102 4135 1174 4210 pisal
1191 4137 1233 4206 sio
1253 4135 1305 4193 »de
1322 4137 1519 4225 Blccacsm«.

293 4571 345 4638 τί.
384 4581 474 4654 nn.
497 4585 554 4657 are
577 4591 632 4660 so.
658 4587 791 4660 mensis
815 4582 1036 4673 novembris,
1060 4553 1210 4676 moad·

415 4774 614 4856 derhardus
638 4784 749 4856 abbas
774 4786 981 4856 monasterii
1003 4783 1201 4856 Landcnsis
1218 4802 1300 4856 cum
1317 4781 1420 4856 Petro
1436 4784 1588 4856 sculteto
1612 4781 1657 4856 dc
1679 4732 1801 4875 Zopdss

292 4879 474 5062 alippa
496 4891 583 4963 alias
606 4892 651 4964 de
674 4895 855 4976 Drznoiec,
879 4892 1083 4964 scultetiam
1107 4896 1145 4964 in
1168 4893 1348 4981 Koadnotp
1371 4893 1538 4965 scultetia
1561 4895 1598 4963 in
1621 4896 1795 4965 weneloc

379 5002 460 5063 ua.
590 5028 598 5038 ·

416 5184 454 5261 ln
484 5158 633 5270 nomine
657 5198 802 5271 Domini
831 5218 946 5271 amen.
992 5195 1046 5271 Ne
1080 5216 1138 5271 res
1170 5205 1272 5290 geste
1304 5200 1342 5274 ln
1372 5207 1530 5294 tempore
1565 5199 1674 5272 simul
1710 5216 1794 5273 eum

290 5280 485 5371 Melone
507 5309 675 5400 temporis
699 5312 926 5394 enarrescant,
950 5306 1103 5401 expedit,
1127 5317 1166 5379 vt
1189 5309 1337 5399 quilibet
1357 5315 1542 5395 tractatus,
1567 5311 1630 5400 qui
1648 5308 1796 5381 deberet

1590 5434 1627 5503 ²5
