<?xml version="1.0" encoding="UTF-8"?>
<!DOCTYPE html PUBLIC "-//W3C//DTD XHTML 1.0 Transitional//EN"
    "http://www.w3.org/TR/xhtml1/DTD/xhtml1-transitional.dtd">
<html xmlns="http://www.w3.org/1999/xhtml" xml:lang="en" lang="en">
 <head>
  <title>
</title>
<meta http-equiv="Content-Type" content="text/html;charset=utf-8" />
  <meta name='ocr-system' content='tesseract 3.04.00' />
  <meta name='ocr-capabilities' content='ocr_page ocr_carea ocr_par ocr_line ocrx_word'/>
</head>
<body>
  <div class='ocr_page' id='page_1' title='image "./codexdiplomatic06zakrgoog_0646.png"; bbox 0 0 4668 6352; ppageno 0'>
   <div class='ocr_carea' id='block_1_1' title="bbox 297 853 1329 969">
    <p class='ocr_par' dir='ltr' id='par_1_1' title="bbox 297 853 1329 972">
     <span class='ocr_line' id='line_1_1' title="bbox 297 853 1329 969; baseline -0.015 -15"><span class='ocrx_word' id='word_1_1' title='bbox 297 887 361 965; x_wconf 78' lang='lat' dir='ltr'>ati.</span> <span class='ocrx_word' id='word_1_2' title='bbox 409 875 506 946; x_wconf 77' lang='lat'>141⁶.</span> <span class='ocrx_word' id='word_1_3' title='bbox 533 871 590 944; x_wconf 89' lang='lat' dir='ltr'>dic</span> <span class='ocrx_word' id='word_1_4' title='bbox 615 875 667 944; x_wconf 82' lang='lat'>15.</span> <span class='ocrx_word' id='word_1_5' title='bbox 695 872 829 969; x_wconf 88' lang='lat' dir='ltr'>mensis</span> <span class='ocrx_word' id='word_1_6' title='bbox 853 868 1083 963; x_wconf 87' lang='lat' dir='ltr'>Septembris,</span> <span class='ocrx_word' id='word_1_7' title='bbox 1108 853 1329 942; x_wconf 70' lang='lat' dir='ltr'>Posnaniae.&#39;</span> 
     </span>
    </p>
   </div>
   <div class='ocr_carea' id='block_1_2' title="bbox 294 1092 1825 1434">
    <p class='ocr_par' dir='ltr' id='par_1_2' title="bbox 294 1092 1825 1434">
     <span class='ocr_line' id='line_1_2' title="bbox 444 1092 1824 1210; baseline -0.006 -15"><span class='ocrx_word' id='word_1_8' title='bbox 444 1122 570 1195; x_wconf 92' lang='lat' dir='ltr'>ludicii</span> <span class='ocrx_word' id='word_1_9' title='bbox 594 1095 771 1195; x_wconf 87' lang='lat' dir='ltr'>terrestris</span> <span class='ocrx_word' id='word_1_10' title='bbox 795 1119 1047 1193; x_wconf 89' lang='lat' dir='ltr'>Posnanicnsis</span> <span class='ocrx_word' id='word_1_11' title='bbox 1062 1119 1256 1204; x_wconf 86' lang='lat' dir='ltr'>decretam,</span> <span class='ocrx_word' id='word_1_12' title='bbox 1276 1092 1435 1210; x_wconf 84' lang='lat' dir='ltr'>capitulo</span> <span class='ocrx_word' id='word_1_13' title='bbox 1452 1119 1623 1190; x_wconf 85' lang='lat' dir='ltr'>ecclesiae</span> <span class='ocrx_word' id='word_1_14' title='bbox 1641 1115 1824 1188; x_wconf 86' lang='lat' dir='ltr'>cathedra·</span> 
     </span>
     <span class='ocr_line' id='line_1_3' title="bbox 295 1224 1825 1319; baseline -0.008 -13"><span class='ocrx_word' id='word_1_15' title='bbox 295 1246 332 1318; x_wconf 80' lang='lat' dir='ltr'>tis</span> <span class='ocrx_word' id='word_1_16' title='bbox 353 1231 603 1307; x_wconf 86' lang='lat' dir='ltr'>Posnariiensis</span> <span class='ocrx_word' id='word_1_17' title='bbox 626 1229 749 1301; x_wconf 81' lang='lat' dir='ltr'>villam</span> <span class='ocrx_word' id='word_1_18' title='bbox 774 1231 947 1310; x_wconf 70' lang='lat' dir='ltr'>liezelino,</span> <span class='ocrx_word' id='word_1_19' title='bbox 980 1227 1025 1300; x_wconf 89' lang='lat' dir='ltr'>de</span> <span class='ocrx_word' id='word_1_20' title='bbox 1041 1247 1121 1318; x_wconf 73' lang='lat' dir='ltr'>oua</span> <span class='ocrx_word' id='word_1_21' title='bbox 1144 1226 1259 1299; x_wconf 88' lang='lat' dir='ltr'>cidem</span> <span class='ocrx_word' id='word_1_22' title='bbox 1284 1227 1440 1319; x_wconf 91' lang='lat' dir='ltr'>capitulo</span> <span class='ocrx_word' id='word_1_23' title='bbox 1464 1224 1613 1298; x_wconf 87' lang='lat' dir='ltr'>heredes</span> <span class='ocrx_word' id='word_1_24' title='bbox 1644 1224 1688 1296; x_wconf 90' lang='lat' dir='ltr'>dc</span> <span class='ocrx_word' id='word_1_25' title='bbox 1715 1225 1825 1312; x_wconf 72' lang='lat' dir='ltr'>Uelio·</span> 
     </span>
     <span class='ocr_line' id='line_1_4' title="bbox 294 1335 972 1434; baseline -0.01 -20"><span class='ocrx_word' id='word_1_26' title='bbox 294 1362 382 1434; x_wconf 76' lang='lat' dir='ltr'>eapse</span> <span class='ocrx_word' id='word_1_27' title='bbox 403 1338 504 1411; x_wconf 88' lang='lat' dir='ltr'>litem</span> <span class='ocrx_word' id='word_1_28' title='bbox 527 1335 768 1422; x_wconf 77' lang='lat' dir='ltr'>intendebant,</span> <span class='ocrx_word' id='word_1_29' title='bbox 793 1335 972 1408; x_wconf 78' lang='lat' dir='ltr'>addicens.</span> 
     </span>
    </p>
   </div>
   <div class='ocr_carea' id='block_1_3' title="bbox 446 1601 1824 1692">
    <p class='ocr_par' dir='ltr' id='par_1_3' title="bbox 446 1601 1824 1692">
     <span class='ocr_line' id='line_1_5' title="bbox 446 1601 1824 1692; baseline -0.005 -14"><span class='ocrx_word' id='word_1_30' title='bbox 446 1605 519 1679; x_wconf 90' lang='lat' dir='ltr'>Nos</span> <span class='ocrx_word' id='word_1_31' title='bbox 542 1604 710 1678; x_wconf 90' lang='lat' dir='ltr'>Nicolaus</span> <span class='ocrx_word' id='word_1_32' title='bbox 734 1605 779 1677; x_wconf 89' lang='lat' dir='ltr'>de</span> <span class='ocrx_word' id='word_1_33' title='bbox 802 1608 1039 1687; x_wconf 82' lang='lat' dir='ltr'>Bloczeescwo,</span> <span class='ocrx_word' id='word_1_34' title='bbox 1064 1603 1169 1676; x_wconf 85' lang='lat' dir='ltr'>index</span> <span class='ocrx_word' id='word_1_35' title='bbox 1193 1602 1445 1677; x_wconf 82' lang='lat' dir='ltr'>Poananiensfs</span> <span class='ocrx_word' id='word_1_36' title='bbox 1468 1601 1656 1692; x_wconf 87' lang='lat' dir='ltr'>generalis,</span> <span class='ocrx_word' id='word_1_37' title='bbox 1687 1601 1824 1692; x_wconf 89' lang='lat' dir='ltr'>signifi·</span> 
     </span>
    </p>
   </div>
   <div class='ocr_carea' id='block_1_4' title="bbox 294 1708 1944 1805">
    <p class='ocr_par' dir='ltr' id='par_1_4' title="bbox 294 1708 1944 1805">
     <span class='ocr_line' id='line_1_6' title="bbox 294 1708 1944 1805; baseline -0.008 -14"><span class='ocrx_word' id='word_1_38' title='bbox 294 1737 411 1794; x_wconf 80' lang='lat' dir='ltr'>eamus</span> <span class='ocrx_word' id='word_1_39' title='bbox 435 1718 557 1786; x_wconf 91' lang='lat' dir='ltr'>tenore</span> <span class='ocrx_word' id='word_1_40' title='bbox 580 1715 805 1805; x_wconf 86' lang='lat' dir='ltr'>presencium</span> <span class='ocrx_word' id='word_1_41' title='bbox 829 1714 1020 1796; x_wconf 77' lang='lat' dir='ltr'>uniuersis,</span> <span class='ocrx_word' id='word_1_42' title='bbox 1043 1710 1174 1802; x_wconf 87' lang='lat' dir='ltr'>quibus</span> <span class='ocrx_word' id='word_1_43' title='bbox 1190 1711 1342 1804; x_wconf 86' lang='lat' dir='ltr'>expedit,</span> <span class='ocrx_word' id='word_1_44' title='bbox 1367 1710 1461 1803; x_wconf 90' lang='lat' dir='ltr'>quod</span> <span class='ocrx_word' id='word_1_45' title='bbox 1484 1710 1552 1782; x_wconf 90' lang='lat' dir='ltr'>sub</span> <span class='ocrx_word' id='word_1_46' title='bbox 1572 1729 1666 1780; x_wconf 92' lang='lat' dir='ltr'>anno</span> <span class='ocrx_word' id='word_1_47' title='bbox 1680 1708 1825 1780; x_wconf 86' lang='lat' dir='ltr'>Domini</span> <span class='ocrx_word' id='word_1_48' title='bbox 1940 1779 1944 1786; x_wconf 82' lang='grc'><em>,</em></span> 
     </span>
    </p>
   </div>
   <div class='ocr_carea' id='block_1_5' title="bbox 199 1815 1895 4708">
    <p class='ocr_par' dir='ltr' id='par_1_5' title="bbox 290 1815 1825 2557">
     <span class='ocr_line' id='line_1_7' title="bbox 294 1815 1824 1913; baseline -0.01 -12"><span class='ocrx_word' id='word_1_49' title='bbox 294 1824 474 1902; x_wconf 88' lang='lat' dir='ltr'>millesimo</span> <span class='ocrx_word' id='word_1_50' title='bbox 498 1819 624 1894; x_wconf 83' lang='grc' dir='ltr'>0000ο</span> <span class='ocrx_word' id='word_1_51' title='bbox 647 1819 785 1892; x_wconf 80' lang='lat' dir='ltr'>deciano</span> <span class='ocrx_word' id='word_1_52' title='bbox 810 1821 972 1913; x_wconf 88' lang='lat' dir='ltr'>septimo,</span> <span class='ocrx_word' id='word_1_53' title='bbox 1006 1819 1097 1892; x_wconf 82' lang='lat' dir='ltr'>foria</span> <span class='ocrx_word' id='word_1_54' title='bbox 1120 1819 1278 1892; x_wconf 88' lang='lat' dir='ltr'>secunda</span> <span class='ocrx_word' id='word_1_55' title='bbox 1309 1819 1403 1891; x_wconf 87' lang='lat' dir='ltr'>infra</span> <span class='ocrx_word' id='word_1_56' title='bbox 1421 1822 1579 1890; x_wconf 83' lang='lat' dir='ltr'>¹octonas</span> <span class='ocrx_word' id='word_1_57' title='bbox 1613 1815 1824 1909; x_wconf 76' lang='lat' dir='ltr'>Iipypbanie</span> 
     </span>
     <span class='ocr_line' id='line_1_8' title="bbox 294 1922 1825 2014; baseline -0.007 -7"><span class='ocrx_word' id='word_1_58' title='bbox 294 1930 439 2014; x_wconf 86' lang='lat' dir='ltr'>Domini,</span> <span class='ocrx_word' id='word_1_59' title='bbox 465 1931 502 2001; x_wconf 92' lang='lat' dir='ltr'>fn</span> <span class='ocrx_word' id='word_1_60' title='bbox 527 1927 631 2000; x_wconf 91' lang='lat' dir='ltr'>domo</span> <span class='ocrx_word' id='word_1_61' title='bbox 654 1928 818 2000; x_wconf 87' lang='lat' dir='ltr'>Risconfs</span> <span class='ocrx_word' id='word_1_62' title='bbox 843 1929 934 1999; x_wconf 89' lang='lat' dir='ltr'>ciuis</span> <span class='ocrx_word' id='word_1_63' title='bbox 958 1927 1221 2010; x_wconf 84' lang='lat' dir='ltr'>Poananiensis,</span> <span class='ocrx_word' id='word_1_64' title='bbox 1247 1947 1329 1998; x_wconf 93' lang='lat' dir='ltr'>cum</span> <span class='ocrx_word' id='word_1_65' title='bbox 1354 1925 1532 1998; x_wconf 91' lang='lat' dir='ltr'>nobilibus</span> <span class='ocrx_word' id='word_1_66' title='bbox 1548 1925 1646 2008; x_wconf 81' lang='lat' dir='ltr'>viris,</span> <span class='ocrx_word' id='word_1_67' title='bbox 1671 1922 1825 1996; x_wconf 89' lang='lat' dir='ltr'>dominis</span> 
     </span>
     <span class='ocr_line' id='line_1_9' title="bbox 293 2029 1824 2119; baseline -0.008 -6"><span class='ocrx_word' id='word_1_68' title='bbox 293 2037 429 2114; x_wconf 89' lang='lat' dir='ltr'>Nicolao</span> <span class='ocrx_word' id='word_1_69' title='bbox 452 2034 498 2107; x_wconf 91' lang='lat' dir='ltr'>de</span> <span class='ocrx_word' id='word_1_70' title='bbox 519 2039 743 2119; x_wconf 78' lang='lat' dir='ltr'>Bormrzcwo,</span> <span class='ocrx_word' id='word_1_71' title='bbox 767 2034 916 2108; x_wconf 89' lang='lat' dir='ltr'>larando</span> <span class='ocrx_word' id='word_1_72' title='bbox 940 2035 984 2107; x_wconf 89' lang='lat' dir='ltr'>de</span> <span class='ocrx_word' id='word_1_73' title='bbox 1007 2037 1156 2117; x_wconf 75' lang='lat' dir='ltr'>Lecbocn,</span> <span class='ocrx_word' id='word_1_74' title='bbox 1179 2033 1324 2107; x_wconf 90' lang='lat' dir='ltr'>Nicolao</span> <span class='ocrx_word' id='word_1_75' title='bbox 1349 2032 1394 2106; x_wconf 91' lang='lat' dir='ltr'>de</span> <span class='ocrx_word' id='word_1_76' title='bbox 1416 2035 1605 2114; x_wconf 70' lang='lat' dir='ltr'>Boeotico,</span> <span class='ocrx_word' id='word_1_77' title='bbox 1627 2029 1824 2118; x_wconf 61' lang='lat' dir='ltr'>Audacem)</span> 
     </span>
     <span class='ocr_line' id='line_1_10' title="bbox 291 2133 1825 2234; baseline -0.007 -14"><span class='ocrx_word' id='word_1_78' title='bbox 291 2147 331 2220; x_wconf 87' lang='lat' dir='ltr'>de</span> <span class='ocrx_word' id='word_1_79' title='bbox 366 2142 579 2228; x_wconf 88' lang='lat' dir='ltr'>Nouacuria,</span> <span class='ocrx_word' id='word_1_80' title='bbox 616 2143 749 2215; x_wconf 81' lang='lat' dir='ltr'>blathie</span> <span class='ocrx_word' id='word_1_81' title='bbox 781 2142 827 2214; x_wconf 89' lang='lat' dir='ltr'>de</span> <span class='ocrx_word' id='word_1_82' title='bbox 864 2145 1038 2226; x_wconf 72' lang='lat' dir='ltr'>Mosellae,</span> <span class='ocrx_word' id='word_1_83' title='bbox 1079 2133 1236 2234; x_wconf 74' lang='lat' dir='ltr'>Gyuano</span> <span class='ocrx_word' id='word_1_84' title='bbox 1270 2139 1314 2213; x_wconf 90' lang='lat' dir='ltr'>do</span> <span class='ocrx_word' id='word_1_85' title='bbox 1335 2143 1483 2214; x_wconf 79' lang='lat' dir='ltr'>Sclboca</span> <span class='ocrx_word' id='word_1_86' title='bbox 1516 2139 1742 2222; x_wconf 86' lang='lat' dir='ltr'>sedebamus,</span> <span class='ocrx_word' id='word_1_87' title='bbox 1775 2138 1825 2210; x_wconf 93' lang='lat' dir='ltr'>ibi</span> 
     </span>
     <span class='ocr_line' id='line_1_11' title="bbox 291 2247 1824 2340; baseline -0.005 -16"><span class='ocrx_word' id='word_1_88' title='bbox 291 2253 431 2326; x_wconf 77' lang='lat' dir='ltr'>veniens</span> <span class='ocrx_word' id='word_1_89' title='bbox 454 2249 670 2324; x_wconf 87' lang='lat' dir='ltr'>honorabilis</span> <span class='ocrx_word' id='word_1_90' title='bbox 694 2253 749 2322; x_wconf 84' lang='lat' dir='ltr'>vir</span> <span class='ocrx_word' id='word_1_91' title='bbox 771 2248 938 2322; x_wconf 91' lang='lat' dir='ltr'>dominus</span> <span class='ocrx_word' id='word_1_92' title='bbox 960 2249 1130 2322; x_wconf 89' lang='lat' dir='ltr'>Nicotaus</span> <span class='ocrx_word' id='word_1_93' title='bbox 1147 2249 1308 2320; x_wconf 84' lang='lat' dir='ltr'>Wscaele</span> <span class='ocrx_word' id='word_1_94' title='bbox 1324 2251 1481 2320; x_wconf 88' lang='lat' dir='ltr'>vicarius</span> <span class='ocrx_word' id='word_1_95' title='bbox 1497 2251 1690 2340; x_wconf 87' lang='lat' dir='ltr'>perpetuus</span> <span class='ocrx_word' id='word_1_96' title='bbox 1714 2247 1824 2318; x_wconf 89' lang='lat' dir='ltr'>eccle·</span> 
     </span>
     <span class='ocr_line' id='line_1_12' title="bbox 290 2351 1824 2450; baseline -0.005 -16"><span class='ocrx_word' id='word_1_97' title='bbox 290 2362 339 2434; x_wconf 84' lang='lat' dir='ltr'>sie</span> <span class='ocrx_word' id='word_1_98' title='bbox 359 2357 620 2444; x_wconf 86' lang='lat' dir='ltr'>Poananiensis‚</span> <span class='ocrx_word' id='word_1_99' title='bbox 643 2377 753 2431; x_wconf 86' lang='lat' dir='ltr'>vnam</span> <span class='ocrx_word' id='word_1_100' title='bbox 776 2359 918 2430; x_wconf 84' lang='lat' dir='ltr'>literam</span> <span class='ocrx_word' id='word_1_101' title='bbox 939 2359 1134 2450; x_wconf 88' lang='lat' dir='ltr'>paplrcam,</span> <span class='ocrx_word' id='word_1_102' title='bbox 1165 2363 1336 2450; x_wconf 85' lang='lat' dir='ltr'>apertam,</span> <span class='ocrx_word' id='word_1_103' title='bbox 1369 2354 1486 2446; x_wconf 90' lang='lat' dir='ltr'>sigillo</span> <span class='ocrx_word' id='word_1_104' title='bbox 1510 2355 1671 2426; x_wconf 78' lang='lat' dir='ltr'>citatorio</span> <span class='ocrx_word' id='word_1_105' title='bbox 1694 2351 1824 2426; x_wconf 87' lang='lat' dir='ltr'>Pozna·</span> 
     </span>
     <span class='ocr_line' id='line_1_13' title="bbox 291 2464 1509 2557; baseline -0.006 -16"><span class='ocrx_word' id='word_1_106' title='bbox 291 2467 401 2541; x_wconf 73' lang='lat' dir='ltr'>densi</span> <span class='ocrx_word' id='word_1_107' title='bbox 422 2465 626 2556; x_wconf 75' lang='lat' dir='ltr'>sigillatam,</span> <span class='ocrx_word' id='word_1_108' title='bbox 649 2465 753 2538; x_wconf 90' lang='lat' dir='ltr'>nobis</span> <span class='ocrx_word' id='word_1_109' title='bbox 777 2467 999 2557; x_wconf 84' lang='lat' dir='ltr'>presentauit</span> <span class='ocrx_word' id='word_1_110' title='bbox 1021 2464 1254 2552; x_wconf 76' lang='lat' dir='ltr'>buiustnrodi)</span> <span class='ocrx_word' id='word_1_111' title='bbox 1278 2464 1346 2536; x_wconf 88' lang='lat' dir='ltr'>sub</span> <span class='ocrx_word' id='word_1_112' title='bbox 1370 2468 1509 2536; x_wconf 87' lang='lat' dir='ltr'>tenore:</span> 
     </span>
    </p>

    <p class='ocr_par' dir='ltr' id='par_1_6' title="bbox 199 2569 1895 4708">
     <span class='ocr_line' id='line_1_14' title="bbox 448 2569 1823 2660; baseline -0.003 -13.941"><span class='ocrx_word' id='word_1_113' title='bbox 448 2573 644 2660; x_wconf 84' lang='lat' dir='ltr'>,Strennuo</span> <span class='ocrx_word' id='word_1_114' title='bbox 686 2575 802 2658; x_wconf 89' lang='lat' dir='ltr'>militi,</span> <span class='ocrx_word' id='word_1_115' title='bbox 840 2572 983 2645; x_wconf 86' lang='lat' dir='ltr'>domino</span> <span class='ocrx_word' id='word_1_116' title='bbox 1021 2572 1166 2644; x_wconf 89' lang='lat' dir='ltr'>Nicolao</span> <span class='ocrx_word' id='word_1_117' title='bbox 1205 2570 1250 2644; x_wconf 89' lang='lat' dir='ltr'>de</span> <span class='ocrx_word' id='word_1_118' title='bbox 1279 2574 1506 2644; x_wconf 81' lang='lat' dir='ltr'>Biocaeesewo</span> <span class='ocrx_word' id='word_1_119' title='bbox 1529 2569 1649 2654; x_wconf 90' lang='lat' dir='ltr'>iudici,</span> <span class='ocrx_word' id='word_1_120' title='bbox 1685 2589 1823 2642; x_wconf 89' lang='lat' dir='ltr'>necnon</span> 
     </span>
     <span class='ocr_line' id='line_1_15' title="bbox 290 2676 1823 2779; baseline -0.003 -24"><span class='ocrx_word' id='word_1_121' title='bbox 290 2677 485 2755; x_wconf 82' lang='lat' dir='ltr'>ilroczlronl</span> <span class='ocrx_word' id='word_1_122' title='bbox 524 2679 569 2752; x_wconf 86' lang='lat' dir='ltr'>de</span> <span class='ocrx_word' id='word_1_123' title='bbox 606 2681 790 2752; x_wconf 77' lang='lat' dir='ltr'>ouaceewo</span> <span class='ocrx_word' id='word_1_124' title='bbox 828 2679 1007 2754; x_wconf 79' lang='lat' dir='ltr'>subindici</span> <span class='ocrx_word' id='word_1_125' title='bbox 1040 2679 1351 2764; x_wconf 82' lang='lat' dir='ltr'>Poananiensibus,</span> <span class='ocrx_word' id='word_1_126' title='bbox 1384 2677 1571 2779; x_wconf 84' lang='lat' dir='ltr'>Vigandus</span> <span class='ocrx_word' id='word_1_127' title='bbox 1608 2676 1823 2768; x_wconf 89' lang='lat' dir='ltr'>burgrabius</span> 
     </span>
     <span class='ocr_line' id='line_1_16' title="bbox 290 2783 1826 2878; baseline -0.002 -17"><span class='ocrx_word' id='word_1_128' title='bbox 290 2787 546 2872; x_wconf 82' lang='lat' dir='ltr'>Poananiensis,</span> <span class='ocrx_word' id='word_1_129' title='bbox 560 2787 727 2860; x_wconf 89' lang='lat' dir='ltr'>Nicolaus</span> <span class='ocrx_word' id='word_1_130' title='bbox 740 2788 956 2860; x_wconf 86' lang='lat' dir='ltr'>castellanus</span> <span class='ocrx_word' id='word_1_131' title='bbox 975 2787 1259 2871; x_wconf 84' lang='lat' dir='ltr'>Santhocaensis,</span> <span class='ocrx_word' id='word_1_132' title='bbox 1276 2785 1477 2860; x_wconf 85' lang='lat' dir='ltr'>Sianislaus</span> <span class='ocrx_word' id='word_1_133' title='bbox 1493 2785 1577 2878; x_wconf 88' lang='lat' dir='ltr'>Slap</span> <span class='ocrx_word' id='word_1_134' title='bbox 1594 2785 1671 2859; x_wconf 94' lang='lat' dir='ltr'>loco</span> <span class='ocrx_word' id='word_1_135' title='bbox 1687 2783 1826 2858; x_wconf 89' lang='lat' dir='ltr'>domini</span> 
     </span>
     <span class='ocr_line' id='line_1_17' title="bbox 289 2893 1823 2988; baseline -0.003 -20"><span class='ocrx_word' id='word_1_136' title='bbox 289 2893 424 2980; x_wconf 86' lang='lat' dir='ltr'>iudicis,</span> <span class='ocrx_word' id='word_1_137' title='bbox 460 2895 628 2968; x_wconf 89' lang='lat' dir='ltr'>Nicolaus</span> <span class='ocrx_word' id='word_1_138' title='bbox 663 2895 811 2968; x_wconf 89' lang='lat' dir='ltr'>Sekirca</span> <span class='ocrx_word' id='word_1_139' title='bbox 842 2895 920 2970; x_wconf 93' lang='lat' dir='ltr'>loco</span> <span class='ocrx_word' id='word_1_140' title='bbox 953 2894 1090 2968; x_wconf 90' lang='lat' dir='ltr'>domini</span> <span class='ocrx_word' id='word_1_141' title='bbox 1112 2893 1321 2979; x_wconf 90' lang='lat' dir='ltr'>subiudicis,</span> <span class='ocrx_word' id='word_1_142' title='bbox 1346 2895 1547 2966; x_wconf 81' lang='lat' dir='ltr'>amiciciam</span> <span class='ocrx_word' id='word_1_143' title='bbox 1571 2897 1823 2988; x_wconf 81' lang='lat' dir='ltr'>prosinceram</span> 
     </span>
     <span class='ocr_line' id='line_1_18' title="bbox 289 3000 1823 3094; baseline -0.002 -19"><span class='ocrx_word' id='word_1_144' title='bbox 289 3003 429 3075; x_wconf 89' lang='lat' dir='ltr'>Domini</span> <span class='ocrx_word' id='word_1_145' title='bbox 452 3007 489 3076; x_wconf 88' lang='lat' dir='ltr'>et</span> <span class='ocrx_word' id='word_1_146' title='bbox 507 3005 613 3075; x_wconf 84' lang='lat' dir='ltr'>amici</span> <span class='ocrx_word' id='word_1_147' title='bbox 636 3003 738 3075; x_wconf 90' lang='lat' dir='ltr'>nobis</span> <span class='ocrx_word' id='word_1_148' title='bbox 762 3003 901 3076; x_wconf 88' lang='lat' dir='ltr'>dilecti!</span> <span class='ocrx_word' id='word_1_149' title='bbox 947 3002 1138 3088; x_wconf 87' lang='lat' dir='ltr'>Noueritis,</span> <span class='ocrx_word' id='word_1_150' title='bbox 1161 3002 1258 3094; x_wconf 86' lang='lat' dir='ltr'>quod</span> <span class='ocrx_word' id='word_1_151' title='bbox 1272 3000 1360 3074; x_wconf 87' lang='lat' dir='ltr'>dnm</span> <span class='ocrx_word' id='word_1_152' title='bbox 1376 3001 1466 3074; x_wconf 86' lang='lat' dir='ltr'>feria</span> <span class='ocrx_word' id='word_1_153' title='bbox 1482 3003 1593 3074; x_wconf 87' lang='lat' dir='ltr'>tercia</span> <span class='ocrx_word' id='word_1_154' title='bbox 1606 3005 1644 3072; x_wconf 93' lang='lat' dir='ltr'>fn</span> <span class='ocrx_word' id='word_1_155' title='bbox 1668 3002 1823 3073; x_wconf 87' lang='lat' dir='ltr'>crastino</span> 
     </span>
     <span class='ocr_line' id='line_1_19' title="bbox 288 3103 1824 3194; baseline -0.001 -12"><span class='ocrx_word' id='word_1_156' title='bbox 288 3107 522 3182; x_wconf 61' lang='lat' dir='ltr'>&amp;ducionis</span> <span class='ocrx_word' id='word_1_157' title='bbox 539 3115 668 3182; x_wconf 86' lang='lat' dir='ltr'>sancte</span> <span class='ocrx_word' id='word_1_158' title='bbox 692 3109 827 3194; x_wconf 84' lang='lat' dir='ltr'>Crucis,</span> <span class='ocrx_word' id='word_1_159' title='bbox 866 3115 950 3182; x_wconf 79' lang='lat' dir='ltr'>ante</span> <span class='ocrx_word' id='word_1_160' title='bbox 982 3107 1130 3183; x_wconf 86' lang='lat' dir='ltr'>domum</span> <span class='ocrx_word' id='word_1_161' title='bbox 1163 3110 1345 3184; x_wconf 77' lang='lat' dir='ltr'>arcuiicis</span> <span class='ocrx_word' id='word_1_162' title='bbox 1366 3111 1457 3182; x_wconf 88' lang='lat' dir='ltr'>ciuis</span> <span class='ocrx_word' id='word_1_163' title='bbox 1487 3103 1760 3193; x_wconf 78' lang='lat' dir='ltr'>Poananiensis,</span> <span class='ocrx_word' id='word_1_164' title='bbox 1786 3109 1824 3180; x_wconf 89' lang='lat' dir='ltr'>ln</span> 
     </span>
     <span class='ocr_line' id='line_1_20' title="bbox 289 3216 1823 3316; baseline -0.001 -28"><span class='ocrx_word' id='word_1_165' title='bbox 289 3217 481 3290; x_wconf 89' lang='lat' dir='ltr'>minoribus</span> <span class='ocrx_word' id='word_1_166' title='bbox 514 3219 676 3316; x_wconf 86' lang='lat' dir='ltr'>terminis</span> <span class='ocrx_word' id='word_1_167' title='bbox 710 3217 843 3290; x_wconf 89' lang='lat' dir='ltr'>iudicio</span> <span class='ocrx_word' id='word_1_168' title='bbox 866 3217 978 3308; x_wconf 86' lang='lat' dir='ltr'>regali</span> <span class='ocrx_word' id='word_1_169' title='bbox 1013 3217 1285 3310; x_wconf 86' lang='lat' dir='ltr'>presidebamus</span> <span class='ocrx_word' id='word_1_170' title='bbox 1319 3216 1387 3289; x_wconf 93' lang='lat' dir='ltr'>sub</span> <span class='ocrx_word' id='word_1_171' title='bbox 1418 3235 1511 3290; x_wconf 89' lang='lat' dir='ltr'>anno</span> <span class='ocrx_word' id='word_1_172' title='bbox 1543 3217 1689 3289; x_wconf 88' lang='lat' dir='ltr'>Domini</span> <span class='ocrx_word' id='word_1_173' title='bbox 1713 3216 1823 3287; x_wconf 90' lang='lat' dir='ltr'>mille·</span> 
     </span>
     <span class='ocr_line' id='line_1_21' title="bbox 239 3321 1823 3418; baseline 0 -23"><span class='ocrx_word' id='word_1_174' title='bbox 239 3365 242 3372; x_wconf 87' lang='lat'>·</span> <span class='ocrx_word' id='word_1_175' title='bbox 288 3325 375 3396; x_wconf 88' lang='lat' dir='ltr'>simo</span> <span class='ocrx_word' id='word_1_176' title='bbox 398 3321 526 3396; x_wconf 78' lang='grc' dir='ltr'>0000ο</span> <span class='ocrx_word' id='word_1_177' title='bbox 547 3323 599 3396; x_wconf 81' lang='lat' dir='ltr'>X⁰</span> <span class='ocrx_word' id='word_1_178' title='bbox 620 3331 732 3411; x_wconf 86' lang='lat' dir='ltr'>sexto,</span> <span class='ocrx_word' id='word_1_179' title='bbox 755 3325 806 3398; x_wconf 92' lang='lat' dir='ltr'>ibi</span> <span class='ocrx_word' id='word_1_180' title='bbox 828 3329 977 3399; x_wconf 80' lang='lat' dir='ltr'>veniens</span> <span class='ocrx_word' id='word_1_181' title='bbox 1002 3325 1145 3418; x_wconf 86' lang='lat' dir='ltr'>Zophia,</span> <span class='ocrx_word' id='word_1_182' title='bbox 1168 3323 1297 3398; x_wconf 80' lang='lat' dir='ltr'>Hanlra</span> <span class='ocrx_word' id='word_1_183' title='bbox 1320 3329 1356 3397; x_wconf 87' lang='lat' dir='ltr'>el</span> <span class='ocrx_word' id='word_1_184' title='bbox 1379 3323 1606 3397; x_wconf 76' lang='lat' dir='ltr'>&#39;i&#39;homislaus</span> <span class='ocrx_word' id='word_1_185' title='bbox 1630 3325 1685 3396; x_wconf 81' lang='lat' dir='ltr'>vir</span> <span class='ocrx_word' id='word_1_186' title='bbox 1708 3325 1823 3418; x_wconf 86' lang='lat' dir='ltr'>ipsius</span> 
     </span>
     <span class='ocr_line' id='line_1_22' title="bbox 288 3429 1822 3523; baseline 0 -20"><span class='ocrx_word' id='word_1_187' title='bbox 288 3429 434 3517; x_wconf 86' lang='lat' dir='ltr'>llancae,</span> <span class='ocrx_word' id='word_1_188' title='bbox 457 3430 606 3505; x_wconf 88' lang='lat' dir='ltr'>heredes</span> <span class='ocrx_word' id='word_1_189' title='bbox 630 3433 674 3505; x_wconf 88' lang='lat' dir='ltr'>de</span> <span class='ocrx_word' id='word_1_190' title='bbox 698 3434 921 3519; x_wconf 80' lang='lat' dir='ltr'>Vnnnceicze,</span> <span class='ocrx_word' id='word_1_191' title='bbox 945 3453 1066 3506; x_wconf 89' lang='lat' dir='ltr'>coram</span> <span class='ocrx_word' id='word_1_192' title='bbox 1088 3432 1219 3506; x_wconf 90' lang='lat' dir='ltr'>iudicio</span> <span class='ocrx_word' id='word_1_193' title='bbox 1243 3435 1537 3523; x_wconf 86' lang='lat' dir='ltr'>recognouemnt,</span> <span class='ocrx_word' id='word_1_194' title='bbox 1568 3429 1664 3523; x_wconf 86' lang='lat' dir='ltr'>quod</span> <span class='ocrx_word' id='word_1_195' title='bbox 1688 3430 1822 3504; x_wconf 90' lang='lat' dir='ltr'>domini</span> 
     </span>
     <span class='ocr_line' id='line_1_23' title="bbox 288 3537 1822 3632; baseline 0 -22"><span class='ocrx_word' id='word_1_196' title='bbox 288 3539 480 3631; x_wconf 88' lang='lat' dir='ltr'>capitulum</span> <span class='ocrx_word' id='word_1_197' title='bbox 511 3540 660 3614; x_wconf 88' lang='lat' dir='ltr'>ecclesie</span> <span class='ocrx_word' id='word_1_198' title='bbox 691 3541 943 3614; x_wconf 86' lang='lat' dir='ltr'>Poananiensis</span> <span class='ocrx_word' id='word_1_199' title='bbox 972 3545 1029 3612; x_wconf 88' lang='lat' dir='ltr'>sat</span> <span class='ocrx_word' id='word_1_200' title='bbox 1014 3539 1226 3613; x_wconf 88' lang='lat' dir='ltr'>tisfeoerunt</span> <span class='ocrx_word' id='word_1_201' title='bbox 1255 3543 1307 3612; x_wconf 90' lang='lat' dir='ltr'>eis</span> <span class='ocrx_word' id='word_1_202' title='bbox 1330 3559 1395 3632; x_wconf 84' lang='lat' dir='ltr'>pro</span> <span class='ocrx_word' id='word_1_203' title='bbox 1417 3537 1617 3612; x_wconf 85' lang='lat' dir='ltr'>hereditate</span> <span class='ocrx_word' id='word_1_204' title='bbox 1639 3543 1822 3628; x_wconf 76' lang='lat' dir='ltr'>iiczetpao,</span> 
     </span>
     <span class='ocr_line' id='line_1_24' title="bbox 287 3629 1823 3743; baseline 0 -25"><span class='ocrx_word' id='word_1_205' title='bbox 287 3664 347 3738; x_wconf 92' lang='lat' dir='ltr'>pro</span> <span class='ocrx_word' id='word_1_206' title='bbox 378 3665 451 3738; x_wconf 86' lang='lat' dir='ltr'>que</span> <span class='ocrx_word' id='word_1_207' title='bbox 485 3629 683 3721; x_wconf 78' lang='lat' dir='ltr'>hereditate</span> <span class='ocrx_word' id='word_1_208' title='bbox 717 3646 853 3721; x_wconf 91' lang='lat' dir='ltr'>domini</span> <span class='ocrx_word' id='word_1_209' title='bbox 875 3639 1039 3743; x_wconf 84' lang='lat' dir='ltr'>predicti</span> <span class='ocrx_word' id='word_1_210' title='bbox 1059 3648 1255 3742; x_wconf 88' lang='lat' dir='ltr'>capitulum</span> <span class='ocrx_word' id='word_1_211' title='bbox 1289 3646 1465 3720; x_wconf 82' lang='lat' dir='ltr'>dederunt</span> <span class='ocrx_word' id='word_1_212' title='bbox 1486 3647 1656 3739; x_wconf 85' lang='lat' dir='ltr'>predictis</span> <span class='ocrx_word' id='word_1_213' title='bbox 1680 3645 1823 3740; x_wconf 90' lang='lat' dir='ltr'>Zopbie,</span> 
     </span>
     <span class='ocr_line' id='line_1_25' title="bbox 287 3749 1895 3848; baseline 0.001 -24"><span class='ocrx_word' id='word_1_214' title='bbox 287 3751 423 3826; x_wconf 85' lang='lat' dir='ltr'>llancae</span> <span class='ocrx_word' id='word_1_215' title='bbox 452 3758 488 3826; x_wconf 88' lang='lat' dir='ltr'>et</span> <span class='ocrx_word' id='word_1_216' title='bbox 517 3753 721 3828; x_wconf 79' lang='lat' dir='ltr'>&#39;Phomislao</span> <span class='ocrx_word' id='word_1_217' title='bbox 754 3761 900 3829; x_wconf 90' lang='lat' dir='ltr'>centum</span> <span class='ocrx_word' id='word_1_218' title='bbox 931 3775 1071 3828; x_wconf 72' lang='lat' dir='ltr'>mmcas</span> <span class='ocrx_word' id='word_1_219' title='bbox 1094 3755 1247 3828; x_wconf 85' lang='lat' dir='ltr'>latorum</span> <span class='ocrx_word' id='word_1_220' title='bbox 1278 3774 1495 3846; x_wconf 87' lang='lat' dir='ltr'>grossorum,</span> <span class='ocrx_word' id='word_1_221' title='bbox 1526 3756 1668 3827; x_wconf 86' lang='lat' dir='ltr'>racione</span> <span class='ocrx_word' id='word_1_222' title='bbox 1692 3754 1822 3848; x_wconf 88' lang='lat' dir='ltr'>qulbus</span> <span class='ocrx_word' id='word_1_223' title='bbox 1893 3749 1895 3754; x_wconf 82' lang='grc'><strong>’</strong></span> 
     </span>
     <span class='ocr_line' id='line_1_26' title="bbox 287 3860 1823 3956; baseline 0 -22"><span class='ocrx_word' id='word_1_224' title='bbox 287 3864 427 3934; x_wconf 84' lang='lat' dir='ltr'>centum</span> <span class='ocrx_word' id='word_1_225' title='bbox 451 3863 582 3936; x_wconf 86' lang='lat' dir='ltr'>marcis</span> <span class='ocrx_word' id='word_1_226' title='bbox 604 3866 813 3956; x_wconf 80' lang='lat' dir='ltr'>receptione</span> <span class='ocrx_word' id='word_1_227' title='bbox 840 3868 1066 3936; x_wconf 83' lang='lat' dir='ltr'>recessenmt</span> <span class='ocrx_word' id='word_1_228' title='bbox 1088 3883 1111 3936; x_wconf 90' lang='lat' dir='ltr'>a</span> <span class='ocrx_word' id='word_1_229' title='bbox 1133 3882 1198 3936; x_wconf 89' lang='lat' dir='ltr'>suo</span> <span class='ocrx_word' id='word_1_230' title='bbox 1222 3865 1309 3949; x_wconf 88' lang='lat' dir='ltr'>iure,</span> <span class='ocrx_word' id='word_1_231' title='bbox 1337 3860 1433 3953; x_wconf 86' lang='lat' dir='ltr'>qnod</span> <span class='ocrx_word' id='word_1_232' title='bbox 1455 3861 1659 3934; x_wconf 85' lang='lat' dir='ltr'>babuerunt</span> <span class='ocrx_word' id='word_1_233' title='bbox 1681 3861 1729 3934; x_wconf 88' lang='lat' dir='ltr'>ad</span> <span class='ocrx_word' id='word_1_234' title='bbox 1751 3861 1823 3933; x_wconf 91' lang='lat' dir='ltr'>dic·</span> 
     </span>
     <span class='ocr_line' id='line_1_27' title="bbox 286 3967 1823 4064; baseline 0.003 -26"><span class='ocrx_word' id='word_1_235' title='bbox 286 3969 358 4040; x_wconf 85' lang='lat' dir='ltr'>tam</span> <span class='ocrx_word' id='word_1_236' title='bbox 376 3967 611 4043; x_wconf 77' lang='lat' dir='ltr'>hereditatam</span> <span class='ocrx_word' id='word_1_237' title='bbox 627 3973 811 4060; x_wconf 77' lang='lat' dir='ltr'>ifczelpno.</span> <span class='ocrx_word' id='word_1_238' title='bbox 857 3971 972 4064; x_wconf 87' lang='lat' dir='ltr'>Super</span> <span class='ocrx_word' id='word_1_239' title='bbox 1000 3990 1071 4062; x_wconf 91' lang='lat' dir='ltr'>quo</span> <span class='ocrx_word' id='word_1_240' title='bbox 1101 3969 1346 4044; x_wconf 84' lang='lat' dir='ltr'>adiudicatum</span> <span class='ocrx_word' id='word_1_241' title='bbox 1376 3968 1511 4043; x_wconf 90' lang='lat' dir='ltr'>domini</span> <span class='ocrx_word' id='word_1_242' title='bbox 1535 3970 1731 4063; x_wconf 89' lang='lat' dir='ltr'>capitulum</span> <span class='ocrx_word' id='word_1_243' title='bbox 1755 3971 1823 4042; x_wconf 92' lang='lat' dir='ltr'>sol·</span> 
     </span>
     <span class='ocr_line' id='line_1_28' title="bbox 285 4075 1822 4173; baseline 0.002 -27"><span class='ocrx_word' id='word_1_244' title='bbox 285 4080 421 4149; x_wconf 86' lang='lat' dir='ltr'>uerunt.</span> <span class='ocrx_word' id='word_1_245' title='bbox 467 4075 514 4150; x_wconf 80' lang='grc' dir='ltr'>ιιι</span> <span class='ocrx_word' id='word_1_246' title='bbox 536 4078 588 4150; x_wconf 91' lang='lat' dir='ltr'>sic</span> <span class='ocrx_word' id='word_1_247' title='bbox 611 4098 675 4173; x_wconf 92' lang='lat' dir='ltr'>pro</span> <span class='ocrx_word' id='word_1_248' title='bbox 698 4078 865 4151; x_wconf 90' lang='lat' dir='ltr'>omnibus</span> <span class='ocrx_word' id='word_1_249' title='bbox 889 4081 1018 4164; x_wconf 73' lang='lat' dir='ltr'>causis</span> <span class='ocrx_word' id='word_1_250' title='bbox 1049 4099 1140 4170; x_wconf 88' lang='lat' dir='ltr'>ques</span> <span class='ocrx_word' id='word_1_251' title='bbox 1163 4078 1366 4150; x_wconf 86' lang='lat' dir='ltr'>habuerunt</span> <span class='ocrx_word' id='word_1_252' title='bbox 1396 4083 1432 4149; x_wconf 87' lang='lat' dir='ltr'>et</span> <span class='ocrx_word' id='word_1_253' title='bbox 1461 4097 1525 4171; x_wconf 87' lang='lat' dir='ltr'>pro</span> <span class='ocrx_word' id='word_1_254' title='bbox 1549 4077 1680 4170; x_wconf 89' lang='lat' dir='ltr'>qulbus</span> <span class='ocrx_word' id='word_1_255' title='bbox 1703 4079 1822 4149; x_wconf 85' lang='lat' dir='ltr'>termi-</span> 
     </span>
     <span class='ocr_line' id='line_1_29' title="bbox 285 4181 1821 4280; baseline 0.001 -26"><span class='ocrx_word' id='word_1_256' title='bbox 285 4200 369 4255; x_wconf 89' lang='lat' dir='ltr'>num</span> <span class='ocrx_word' id='word_1_257' title='bbox 394 4181 609 4274; x_wconf 85' lang='lat' dir='ltr'>¹habuerunt,</span> <span class='ocrx_word' id='word_1_258' title='bbox 633 4184 801 4258; x_wconf 87' lang='lat' dir='ltr'>videlieet</span> <span class='ocrx_word' id='word_1_259' title='bbox 834 4205 899 4278; x_wconf 89' lang='lat' dir='ltr'>pro</span> <span class='ocrx_word' id='word_1_260' title='bbox 932 4184 1094 4280; x_wconf 89' lang='lat' dir='ltr'>predicta</span> <span class='ocrx_word' id='word_1_261' title='bbox 1127 4185 1324 4258; x_wconf 89' lang='lat' dir='ltr'>hereditate</span> <span class='ocrx_word' id='word_1_262' title='bbox 1353 4187 1526 4276; x_wconf 71' lang='lat' dir='ltr'>Reaelgoo</span> <span class='ocrx_word' id='word_1_263' title='bbox 1556 4187 1821 4279; x_wconf 83' lang='lat' dir='ltr'>imperpetuum</span> 
     </span>
     <span class='ocr_line' id='line_1_30' title="bbox 285 4291 1820 4386; baseline 0 -22"><span class='ocrx_word' id='word_1_264' title='bbox 285 4295 515 4378; x_wconf 76' lang='lat' dir='ltr'>rcoesserunt,</span> <span class='ocrx_word' id='word_1_265' title='bbox 545 4297 652 4386; x_wconf 92' lang='lat' dir='ltr'>prout</span> <span class='ocrx_word' id='word_1_266' title='bbox 681 4295 796 4366; x_wconf 88' lang='lat' dir='ltr'>eciam</span> <span class='ocrx_word' id='word_1_267' title='bbox 825 4295 865 4366; x_wconf 90' lang='lat' dir='ltr'>in</span> <span class='ocrx_word' id='word_1_268' title='bbox 887 4293 977 4366; x_wconf 87' lang='lat' dir='ltr'>libro</span> <span class='ocrx_word' id='word_1_269' title='bbox 992 4295 1166 4366; x_wconf 59' lang='lat' dir='ltr'>‚emetri</span> <span class='ocrx_word' id='word_1_270' title='bbox 1188 4292 1234 4365; x_wconf 90' lang='lat' dir='ltr'>de</span> <span class='ocrx_word' id='word_1_271' title='bbox 1256 4291 1365 4368; x_wconf 90' lang='lat' dir='ltr'>verbo</span> <span class='ocrx_word' id='word_1_272' title='bbox 1389 4292 1434 4364; x_wconf 86' lang='lat' dir='ltr'>ad</span> <span class='ocrx_word' id='word_1_273' title='bbox 1457 4292 1609 4382; x_wconf 81' lang='lat' dir='ltr'>verbnm</span> <span class='ocrx_word' id='word_1_274' title='bbox 1631 4293 1820 4366; x_wconf 88' lang='lat' dir='ltr'>inuentum</span> 
     </span>
     <span class='ocr_line' id='line_1_31' title="bbox 284 4399 1820 4494; baseline 0 -22"><span class='ocrx_word' id='word_1_275' title='bbox 284 4401 320 4494; x_wconf 78' lang='lat' dir='ltr'>et</span> <span class='ocrx_word' id='word_1_276' title='bbox 354 4399 581 4493; x_wconf 86' lang='lat' dir='ltr'>presentibus</span> <span class='ocrx_word' id='word_1_277' title='bbox 619 4403 881 4492; x_wconf 89' lang='lat' dir='ltr'>consignatum.</span> <span class='ocrx_word' id='word_1_278' title='bbox 928 4399 1030 4474; x_wconf 85' lang='lat' dir='ltr'>Vnde</span> <span class='ocrx_word' id='word_1_279' title='bbox 1069 4407 1228 4474; x_wconf 84' lang='lat' dir='ltr'>uestram</span> <span class='ocrx_word' id='word_1_280' title='bbox 1267 4399 1493 4474; x_wconf 90' lang='lat' dir='ltr'>amicabilem</span> <span class='ocrx_word' id='word_1_281' title='bbox 1535 4399 1820 4472; x_wconf 86' lang='lat' dir='ltr'>dominacionem</span> 
     </span>
     <span class='ocr_line' id='line_1_32' title="bbox 284 4502 1821 4601; baseline 0.002 -24"><span class='ocrx_word' id='word_1_282' title='bbox 284 4502 449 4579; x_wconf 84' lang='lat' dir='ltr'>duximus</span> <span class='ocrx_word' id='word_1_283' title='bbox 464 4507 700 4598; x_wconf 84' lang='lat' dir='ltr'>rogitandam,</span> <span class='ocrx_word' id='word_1_284' title='bbox 716 4514 894 4599; x_wconf 81' lang='lat' dir='ltr'>quatenus</span> <span class='ocrx_word' id='word_1_285' title='bbox 910 4509 1060 4601; x_wconf 82' lang='lat' dir='ltr'>prefatis</span> <span class='ocrx_word' id='word_1_286' title='bbox 1079 4507 1233 4582; x_wconf 89' lang='lat' dir='ltr'>dominis</span> <span class='ocrx_word' id='word_1_287' title='bbox 1249 4508 1404 4600; x_wconf 88' lang='lat' dir='ltr'>capitulo</span> <span class='ocrx_word' id='word_1_288' title='bbox 1420 4507 1654 4580; x_wconf 89' lang='lat' dir='ltr'>Poananiensi</span> <span class='ocrx_word' id='word_1_289' title='bbox 1664 4513 1821 4582; x_wconf 83' lang='lat' dir='ltr'>vestram</span> 
     </span>
     <span class='ocr_line' id='line_1_33' title="bbox 199 4609 1821 4708; baseline 0.001 -24"><span class='ocrx_word' id='word_1_290' title='bbox 199 4637 204 4646; x_wconf 95' lang='lat'><em>·</em></span> <span class='ocrx_word' id='word_1_291' title='bbox 283 4609 421 4687; x_wconf 85' lang='lat' dir='ltr'>literam</span> <span class='ocrx_word' id='word_1_292' title='bbox 444 4612 737 4689; x_wconf 88' lang='lat' dir='ltr'>adiudicatoriam</span> <span class='ocrx_word' id='word_1_293' title='bbox 762 4615 848 4688; x_wconf 87' lang='lat' dir='ltr'>dare</span> <span class='ocrx_word' id='word_1_294' title='bbox 871 4615 1069 4707; x_wconf 86' lang='lat' dir='ltr'>dignemini</span> <span class='ocrx_word' id='word_1_295' title='bbox 1090 4635 1199 4708; x_wconf 88' lang='lat' dir='ltr'>super</span> <span class='ocrx_word' id='word_1_296' title='bbox 1213 4616 1348 4688; x_wconf 87' lang='lat' dir='ltr'>dictam</span> <span class='ocrx_word' id='word_1_297' title='bbox 1372 4617 1667 4706; x_wconf 80' lang='lat' dir='ltr'>recognitionem,</span> <span class='ocrx_word' id='word_1_298' title='bbox 1691 4616 1821 4686; x_wconf 83' lang='lat' dir='ltr'>vestris</span> 
     </span>
    </p>
   </div>
   <div class='ocr_carea' id='block_1_6' title="bbox 129 4719 1821 4817">
    <p class='ocr_par' dir='ltr' id='par_1_7' title="bbox 129 4719 1821 4817">
     <span class='ocr_line' id='line_1_34' title="bbox 129 4719 1821 4817; baseline 0.001 -26"><span class='ocrx_word' id='word_1_299' title='bbox 129 4721 137 4740; x_wconf 78' lang='lat'>⁸</span> <span class='ocrx_word' id='word_1_300' title='bbox 282 4719 409 4811; x_wconf 80' lang='lat' dir='ltr'>sigillis</span> <span class='ocrx_word' id='word_1_301' title='bbox 432 4721 643 4807; x_wconf 87' lang='lat' dir='ltr'>roboratam,</span> <span class='ocrx_word' id='word_1_302' title='bbox 668 4729 774 4815; x_wconf 92' lang='lat' dir='ltr'>prout</span> <span class='ocrx_word' id='word_1_303' title='bbox 796 4723 878 4817; x_wconf 88' lang='lat' dir='ltr'>alijs</span> <span class='ocrx_word' id='word_1_304' title='bbox 902 4727 1089 4814; x_wconf 87' lang='lat' dir='ltr'>terrigenis</span> <span class='ocrx_word' id='word_1_305' title='bbox 1114 4723 1200 4796; x_wconf 90' lang='lat' dir='ltr'>dare</span> <span class='ocrx_word' id='word_1_306' title='bbox 1223 4725 1473 4807; x_wconf 88' lang='lat' dir='ltr'>consueuistis,</span> <span class='ocrx_word' id='word_1_307' title='bbox 1498 4728 1604 4816; x_wconf 88' lang='lat' dir='ltr'>prout</span> <span class='ocrx_word' id='word_1_308' title='bbox 1627 4725 1740 4794; x_wconf 86' lang='lat' dir='ltr'>eciam</span> <span class='ocrx_word' id='word_1_309' title='bbox 1765 4728 1821 4794; x_wconf 89' lang='lat' dir='ltr'>cst</span> 
     </span>
    </p>
   </div>
   <div class='ocr_carea' id='block_1_7' title="bbox 282 4825 1853 5248">
    <p class='ocr_par' dir='ltr' id='par_1_8' title="bbox 282 4825 1853 5031">
     <span class='ocr_line' id='line_1_35' title="bbox 282 4825 1853 4919; baseline 0.003 -22"><span class='ocrx_word' id='word_1_310' title='bbox 282 4825 368 4901; x_wconf 87' lang='lat' dir='ltr'>luris</span> <span class='ocrx_word' id='word_1_311' title='bbox 392 4833 429 4902; x_wconf 88' lang='lat' dir='ltr'>et</span> <span class='ocrx_word' id='word_1_312' title='bbox 451 4831 560 4902; x_wconf 88' lang='lat' dir='ltr'>moris</span> <span class='ocrx_word' id='word_1_313' title='bbox 588 4833 765 4903; x_wconf 84' lang='lat' dir='ltr'>terrestris</span> <span class='ocrx_word' id='word_1_314' title='bbox 797 4833 1026 4904; x_wconf 89' lang='lat' dir='ltr'>consuetodo.</span> <span class='ocrx_word' id='word_1_315' title='bbox 1072 4834 1204 4905; x_wconf 84' lang='lat' dir='ltr'>Actum</span> <span class='ocrx_word' id='word_1_316' title='bbox 1228 4837 1266 4904; x_wconf 91' lang='lat' dir='ltr'>et</span> <span class='ocrx_word' id='word_1_317' title='bbox 1289 4831 1413 4905; x_wconf 86' lang='lat' dir='ltr'>datum</span> <span class='ocrx_word' id='word_1_318' title='bbox 1437 4851 1551 4916; x_wconf 69' lang='lat' dir='ltr'>aiano,</span> <span class='ocrx_word' id='word_1_319' title='bbox 1577 4829 1645 4916; x_wconf 90' lang='lat' dir='ltr'>die,</span> <span class='ocrx_word' id='word_1_320' title='bbox 1680 4831 1819 4902; x_wconf 89' lang='lat' dir='ltr'>locoet</span> <span class='ocrx_word' id='word_1_321' title='bbox 1850 4913 1853 4919; x_wconf 24' lang='lat'><strong><em>¹</em></strong></span> 
     </span>
     <span class='ocr_line' id='line_1_36' title="bbox 282 4934 1187 5031; baseline 0.005 -23"><span class='ocrx_word' id='word_1_322' title='bbox 282 4934 442 5020; x_wconf 82' lang='lat' dir='ltr'>testibus,</span> <span class='ocrx_word' id='word_1_323' title='bbox 466 4937 596 5028; x_wconf 87' lang='lat' dir='ltr'>quibus</span> <span class='ocrx_word' id='word_1_324' title='bbox 619 4958 738 5031; x_wconf 85' lang='lat' dir='ltr'>snpra,</span> <span class='ocrx_word' id='word_1_325' title='bbox 763 4939 925 5012; x_wconf 85' lang='lat' dir='ltr'>citatorio</span> <span class='ocrx_word' id='word_1_326' title='bbox 947 4939 1015 5012; x_wconf 90' lang='lat' dir='ltr'>sub</span> <span class='ocrx_word' id='word_1_327' title='bbox 1038 4940 1187 5031; x_wconf 59' lang='lat' dir='ltr'>sigillof‘</span> 
     </span>
    </p>

    <p class='ocr_par' dir='ltr' id='par_1_9' title="bbox 283 4991 1822 5248">
     <span class='ocr_line' id='line_1_37' title="bbox 442 4991 1820 5138; baseline 0 -22"><span class='ocrx_word' id='word_1_328' title='bbox 442 5035 517 5117; x_wconf 83' lang='lat' dir='ltr'>Nos</span> <span class='ocrx_word' id='word_1_329' title='bbox 539 5045 649 5135; x_wconf 85' lang='lat' dir='ltr'>igitur</span> <span class='ocrx_word' id='word_1_330' title='bbox 677 5045 839 5138; x_wconf 83' lang='lat' dir='ltr'>prefatus</span> <span class='ocrx_word' id='word_1_331' title='bbox 870 5045 987 5132; x_wconf 84' lang='lat' dir='ltr'>iudex,</span> <span class='ocrx_word' id='word_1_332' title='bbox 1018 5049 1097 5120; x_wconf 82' lang='lat' dir='ltr'>visa</span> <span class='ocrx_word' id='word_1_333' title='bbox 1119 5047 1318 5120; x_wconf 82' lang='lat' dir='ltr'>sufficienti</span> <span class='ocrx_word' id='word_1_334' title='bbox 1342 5049 1576 5119; x_wconf 86' lang='lat' dir='ltr'>attestacione</span> <span class='ocrx_word' id='word_1_335' title='bbox 1601 5051 1637 5117; x_wconf 90' lang='lat' dir='ltr'>et</span> <span class='ocrx_word' id='word_1_336' title='bbox 1660 4991 1820 5118; x_wconf 88' lang='lat' dir='ltr'>tenorem</span> 
     </span>
     <span class='ocr_line' id='line_1_38' title="bbox 283 5151 1822 5248; baseline 0.001 -27"><span class='ocrx_word' id='word_1_337' title='bbox 283 5153 458 5240; x_wconf 84' lang='lat' dir='ltr'>presentis</span> <span class='ocrx_word' id='word_1_338' title='bbox 490 5151 591 5225; x_wconf 83' lang='lat' dir='ltr'>litere</span> <span class='ocrx_word' id='word_1_339' title='bbox 614 5151 844 5225; x_wconf 84' lang='lat' dir='ltr'>exaudientes</span> <span class='ocrx_word' id='word_1_340' title='bbox 868 5159 905 5226; x_wconf 93' lang='lat' dir='ltr'>et</span> <span class='ocrx_word' id='word_1_341' title='bbox 926 5154 1084 5248; x_wconf 83' lang='lat' dir='ltr'>plenaria</span> <span class='ocrx_word' id='word_1_342' title='bbox 1118 5155 1368 5246; x_wconf 85' lang='lat' dir='ltr'>intelligentes,</span> <span class='ocrx_word' id='word_1_343' title='bbox 1403 5154 1591 5244; x_wconf 88' lang='lat' dir='ltr'>solumque</span> <span class='ocrx_word' id='word_1_344' title='bbox 1618 5153 1736 5225; x_wconf 86' lang='lat' dir='ltr'>Deum</span> <span class='ocrx_word' id='word_1_345' title='bbox 1759 5173 1822 5245; x_wconf 90' lang='lat' dir='ltr'>pre</span> 
     </span>
    </p>
   </div>
   <div class='ocr_carea' id='block_1_8' title="bbox 165 5258 1821 5356">
    <p class='ocr_par' dir='ltr' id='par_1_10' title="bbox 165 5258 1821 5356">
     <span class='ocr_line' id='line_1_39' title="bbox 165 5258 1821 5356; baseline 0.002 -27"><span class='ocrx_word' id='word_1_346' title='bbox 165 5285 167 5289; x_wconf 47' lang='lat'><strong><em>¹</em></strong></span> <span class='ocrx_word' id='word_1_347' title='bbox 281 5258 392 5332; x_wconf 87' lang='lat' dir='ltr'>oculis</span> <span class='ocrx_word' id='word_1_348' title='bbox 424 5259 608 5344; x_wconf 85' lang='lat' dir='ltr'>habentes,</span> <span class='ocrx_word' id='word_1_349' title='bbox 647 5279 691 5332; x_wconf 82' lang='lat' dir='ltr'>ex</span> <span class='ocrx_word' id='word_1_350' title='bbox 723 5260 982 5334; x_wconf 89' lang='lat' dir='ltr'>inlormacione</span> <span class='ocrx_word' id='word_1_351' title='bbox 1014 5268 1051 5334; x_wconf 87' lang='lat' dir='ltr'>et</span> <span class='ocrx_word' id='word_1_352' title='bbox 1083 5263 1230 5356; x_wconf 89' lang='lat' dir='ltr'>speciali</span> <span class='ocrx_word' id='word_1_353' title='bbox 1262 5262 1431 5336; x_wconf 87' lang='lat' dir='ltr'>mandato</span> <span class='ocrx_word' id='word_1_354' title='bbox 1455 5261 1692 5344; x_wconf 90' lang='lat' dir='ltr'>dominorum,</span> <span class='ocrx_word' id='word_1_355' title='bbox 1735 5265 1821 5334; x_wconf 92' lang='lat' dir='ltr'>tunc</span> 
     </span>
    </p>
   </div>
   <div class='ocr_carea' id='block_1_9' title="bbox 271 5363 1821 5569">
    <p class='ocr_par' dir='ltr' id='par_1_11' title="bbox 271 5363 1821 5569">
     <span class='ocr_line' id='line_1_40' title="bbox 281 5363 1821 5462; baseline 0.004 -28"><span class='ocrx_word' id='word_1_356' title='bbox 281 5363 467 5440; x_wconf 89' lang='lat' dir='ltr'>nobiscum</span> <span class='ocrx_word' id='word_1_357' title='bbox 506 5367 791 5453; x_wconf 87' lang='lat' dir='ltr'>consedencium,</span> <span class='ocrx_word' id='word_1_358' title='bbox 833 5373 1037 5462; x_wconf 88' lang='lat' dir='ltr'>presentem</span> <span class='ocrx_word' id='word_1_359' title='bbox 1075 5371 1215 5442; x_wconf 86' lang='lat' dir='ltr'>literam</span> <span class='ocrx_word' id='word_1_360' title='bbox 1253 5369 1422 5443; x_wconf 87' lang='lat' dir='ltr'>duximus</span> <span class='ocrx_word' id='word_1_361' title='bbox 1464 5366 1750 5442; x_wconf 79' lang='lat' dir='ltr'>confirmandam</span> <span class='ocrx_word' id='word_1_362' title='bbox 1785 5374 1821 5440; x_wconf 88' lang='lat' dir='ltr'>et</span> 
     </span>
     <span class='ocr_line' id='line_1_41' title="bbox 271 5473 1820 5569; baseline 0 -21"><span class='ocrx_word' id='word_1_363' title='bbox 271 5473 506 5562; x_wconf 75' lang='lat' dir='ltr'>,presentibus</span> <span class='ocrx_word' id='word_1_364' title='bbox 522 5476 638 5568; x_wconf 85' lang='lat' dir='ltr'>ipsam</span> <span class='ocrx_word' id='word_1_365' title='bbox 657 5476 926 5548; x_wconf 86' lang='lat' dir='ltr'>confirmamus.</span> <span class='ocrx_word' id='word_1_366' title='bbox 972 5477 1011 5550; x_wconf 91' lang='lat' dir='ltr'>ln</span> <span class='ocrx_word' id='word_1_367' title='bbox 1035 5479 1139 5550; x_wconf 89' lang='lat' dir='ltr'>cuius</span> <span class='ocrx_word' id='word_1_368' title='bbox 1154 5479 1205 5550; x_wconf 91' lang='lat' dir='ltr'>rei</span> <span class='ocrx_word' id='word_1_369' title='bbox 1222 5481 1466 5552; x_wconf 89' lang='lat' dir='ltr'>testimonium</span> <span class='ocrx_word' id='word_1_370' title='bbox 1483 5477 1642 5569; x_wconf 86' lang='lat' dir='ltr'>sigillum</span> <span class='ocrx_word' id='word_1_371' title='bbox 1658 5481 1820 5549; x_wconf 92' lang='lat' dir='ltr'>nostrum</span> 
     </span>
    </p>
   </div>
   <div class='ocr_carea' id='block_1_10' title="bbox 0 0 2338 6352">
    <p class='ocr_par' dir='ltr' id='par_1_12' title="bbox 0 0 2338 6352">
     <span class='ocr_line' id='line_1_42' title="bbox 0 0 2338 6352; baseline 0 5"><span class='ocrx_word' id='word_1_372' title='bbox 0 0 2338 6352; x_wconf 95' lang='lat' dir='ltr'> </span> 
     </span>
    </p>
   </div>
  </div>
 </body>
</html>
