4720 6360
426 549 493 638 uc

424 765 580 836 Moceow
609 783 693 838 cum
715 761 788 855 {suo
819 749 948 836 allodio
982 743 1156 835 Iohannes
1186 743 1368 856 predictus
1402 745 1615 838 cumomni
1643 748 1963 869 iureetdominlo,

350 892 353 902 ¹
426 873 534 962 agris,
557 874 682 966 pratis,
706 872 855 964 campis,
878 871 1002 956 borrls,
1027 871 1151 962 syluis,
1175 872 1280 962 gaijs,
1305 873 1457 957 mericis,
1482 872 1697 958 nemoribus,
1722 881 1963 968 aueupaeionq.

425 977 505 1064 bus,
527 979 796 1065 venationibus,
820 979 1025 1071 mellilicijs,
1048 979 1209 1072 piscinis,
1232 979 1435 1072 piscaturis,
1454 979 1615 1066 moubus,
1629 980 1831 1074 paludibus,
1854 993 1962 1082 aquis,
2065 988 2066 991 ‘
2187 1045 2194 1060 .
2320 940 2324 955 Β

424 1085 640 1160 molendinis
674 1090 711 1159 et
743 1087 1003 1170 emolumentis,
1039 1085 1217 1172 censibus,
1256 1085 1444 1173 fructibus,
1476 1087 1720 1181 prouentibus,
1758 1087 1965 1190 redditibus,

426 1195 671 1293 pertiuencijs,
710 1194 900 1289 appendite
933 1198 972 1266 et
1003 1193 1225 1286 coherenoijs
1251 1197 1441 1281 uniuersis,
1479 1199 1587 1288 pmnt
1621 1194 1781 1287 predicta
1810 1199 1896 1274 villa
1931 1217 1964 1282 ei

425 1303 539 1395 ipsius
563 1299 734 1376 allodium
766 1308 803 1376 in
834 1305 911 1374 suis
938 1301 1113 1374 limitibus
1148 1306 1185 1373 et
1206 1303 1378 1396 gremcljs
1412 1303 1456 1375 nb
1492 1304 1573 1395 alijs
1598 1305 1965 1388 circumierencleliter

425 1412 482 1481 est
519 1409 639 1482 diuisa
675 1416 712 1483 et
748 1410 928 1496 (intincta,
969 1410 1115 1496 tenebit,
1151 1409 1344 1484 vtilruetur
1373 1415 1410 1484 et
1437 1413 1556 1503 quiete
1570 1479 1571 1482 ,
1585 1411 1782 1504 possidebit
1819 1416 1962 1508 tamdiu,

426 1535 613 1609 quousque
634 1517 794 1612 predicte
817 1519 971 1592 ducente
994 1537 1114 1590 maroe
1137 1516 1207 1590 sibi
1228 1518 1287 1591 vel
1310 1521 1388 1591 suis
1409 1519 1596 1608 legittimts
1620 1519 1886 1594 successoribus
1904 1545 1966 1619 per
2007 1584 2012 1593 .

425 1644 491 1696 nos
515 1629 578 1697 aut
599 1629 742 1698 nostros
764 1646 991 1700 successores
1015 1626 1236 1716 integraliter
1253 1626 1388 1698 luerim
1408 1626 1599 1719 persolute.
1645 1625 1782 1714 Quibus
1805 1626 1963 1708 ducentis
2016 1673 2021 1684 ·

425 1735 557 1805 mercis
584 1731 754 1826 predictis
778 1734 905 1807 solutis
928 1733 1025 1806 diota
1046 1732 1133 1806 ville
1156 1753 1239 1806 cunr
1263 1732 1391 1827 allodio
1422 1732 1469 1805 ed
1491 1752 1557 1805 nos
1579 1734 1638 1804 vel
1667 1733 1715 1805 ad
1744 1755 1963 1814 successores

425 1845 567 1914 nostroe
581 1841 687 1932 pleno
707 1844 785 1914 lure
800 1841 944 1915 deuolui
957 1844 994 1913 et
1008 1839 1124 1912 redire
1139 1840 1293 1912 debebit
1339 1841 1474 1913 ilerum
1490 1841 1621 1932 quibus
1635 1841 1793 1932 sigillum
1807 1847 1964 1920 nostrum
2058 1880 2061 1886 ·

311 2013 314 2020 ,
426 1953 482 2019 est
504 1967 704 2042 appensum
719 1951 923 2035 testimonio
938 1949 1133 2021 literarum.
1178 1948 1314 2022 Datum
1331 1951 1371 2021 in
1386 1950 1542 2022 Glinooi
1555 1948 1646 2020 ieria
1668 1947 1880 2023 seeundaiu
1894 1971 1964 2026 ore·
2114 1951 2116 1955 ’

426 2057 520 2126 atino
544 2061 669 2128 sancte
693 2056 887 2142 irinltatis,
920 2075 1012 2128 enno
1042 2056 1188 2128 Domini
1221 2057 1411 2130 millesimo
1438 2055 1789 2147 quadringentesimo
1820 2054 1964 2134 decimo.

494 2203 496 2206 Ι
588 2251 668 2310 Τὼ
685 2251 900 2312 mmmmm
922 2254 959 2313 10
975 2253 1015 2312 N.
1034 2254 1087 2312 1⁴0
1105 2271 1121 2310 a
1139 2251 1290 2327 orygiualu
1313 2254 1559 2328 pergaminovego
1582 2251 1814 2328 nibilomegu,
1840 2253 1964 2328 prescire

425 2357 542 2416 mago
559 2339 666 2416 uiegdy
683 2359 709 2400 er
727 2341 891 2402 marm
908 2343 1072 2412 koronuem,
1090 2341 1128 2402 od
1145 2342 1264 2417 ktdrego
1281 2342 1392 2418 plectet
1408 2341 1478 2418 tyla
1494 2341 1650 2402 οᾱπιιιι.
2077 2379 2079 2384 .

480 2588 481 2592 ,
573 2519 1616 2606 ¹²)dioea6mieiteiauipodobueiuunyuaobmehdavuei
1642 2521 1966 2596 neorypoepolltelobe

426 2613 489 2669 onie
507 2612 555 2670 uie
573 2613 698 2683 latnieie;
716 2611 886 2687 iehbyeri
905 2619 938 2671 tu
956 2609 1145 2684 miejreowoid
1163 2611 1420 2713 rorumlauqbyle,
1438 2612 1773 2686 mmeayduleumiem.
1900 2697 1904 2706 Ι

430 3065 505 3179 idi.
554 3065 653 3136 1410.
678 3061 737 3136 dle
761 3066 814 3136 16.
839 3063 974 3137 mensis
997 3055 1087 3148 Iulii,
1109 3082 1220 3157 prope
1241 3063 1458 3136 Hesterna..

501 3245 504 3252 ’
592 3259 782 3333 wladislai
803 3260 843 3332 Π.
874 3262 970 3350 regis
994 3259 1159 3334 Poloniae
1183 3259 1229 3333 ad
1252 3259 1440 3334 Albertum
1462 3262 1671 3354 episcopum
1694 3259 1967 3332 Posnaniensem

432 3369 476 3442 de
499 3389 624 3462 pugna
646 3365 909 3442 (inmvaldensi
930 3363 1080 3440 litterae.
2081 3366 2092 3385 ⁸

591 3565 762 3658 Princeps
785 3565 906 3658 presul
937 3567 1074 3651 eximie,
1103 3569 1205 3658 pater
1236 3569 1275 3638 in
1304 3564 1444 3640 Christo
1467 3564 1676 3638 reuereude!
1722 3565 1807 3637 Heri
1830 3561 1969 3636 audieu-

428 3675 526 3748 tibus
548 3674 652 3746 nobis
676 3675 869 3745 missarum
892 3672 1077 3765 solemnijs
1098 3676 1269 3764 magister
1289 3673 1468 3766 generalis
1485 3672 1746 3746 Cruciierorum
1770 3693 1853 3744 eum
1876 3670 1970 3743 omui

429 3802 497 3855 sua
529 3783 705 3874 potencia,
738 3801 848 3871 quarn
879 3779 1015 3866 hebuit,
1052 3779 1098 3853 ad
1131 3787 1272 3854 nostros
1308 3784 1596 3875 appropinquans
1621 3783 1807 3864 exercitus,
1842 3780 1969 3852 siciens

429 3889 617 3963 nobiscum
654 3887 798 3980 prelierl
845 3893 881 3958 et
924 3893 1126 3961 nostrorum
1165 3887 1316 3961 tundere
1354 3891 1578 3979 sanguinem,
1616 3887 1719 3960 nobis
1758 3894 1793 3959 et
1830 3885 1969 3958 domim

429 3995 597 4088 Wytoldo
620 3995 724 4067 iratri
758 3999 878 4066 nostro
912 3997 1098 4070 carissimo
1132 3996 1223 4070 duos
1253 3996 1392 4087 gladios
1430 3995 1558 4068 direxit
1593 3998 1645 4068 sie
1675 3997 1855 4086 inquiens:
1890 4009 1970 4066 ecee

429 4105 531 4176 vobis
560 4102 650 4175 duos
673 4099 813 4192 gladios
841 4101 1029 4192 dirigimus
1052 4107 1091 4176 iu
1114 4111 1275 4178 vestrum
1305 4103 1517 4189 subsidium,
1547 4108 1588 4174 vt
1609 4101 1716 4174 hodie
1745 4123 1809 4195 per
1831 4099 1969 4174 conilic·

429 4217 508 4284 tum
539 4213 778 4302 campestrem
811 4208 968 4282 duellare
1003 4211 1163 4284 debeatis
1200 4213 1388 4285 nobiscum
1419 4217 1455 4284 et
1483 4212 1603 4283 locum
1634 4212 1839 4283 certaminis
1868 4205 1968 4281 nobis

430 4319 577 4392 indicite
608 4321 671 4389 aut
700 4319 820 4409 ipsum
842 4317 944 4390 vobis
978 4318 1208 4392 indicendum
1238 4323 1438 4412 requiratis.
1485 4318 1622 4406 Quibus
1646 4317 1792 4390 tandem
1815 4319 1854 4389 in
1877 4332 1969 4389 man

431 4425 621 4500 suetudine
645 4427 757 4496 animi
779 4427 892 4496 nostri
919 4429 1184 4520 respondimus:
1215 4429 1354 4520 gladios
1385 4428 1487 4500 nobis
1517 4447 1582 4520 per
1604 4446 1668 4499 vos
1697 4428 1826 4498 missos
1856 4439 1969 4496 susce

429 4539 550 4629 pimus
581 4537 618 4604 et
650 4533 703 4603 sic
738 4535 919 4625 suscipere
942 4535 1109 4608 volumus
1133 4538 1329 4622 vobiscum,
1366 4538 1450 4628 quia
1473 4535 1605 4606 Christi
1637 4535 1779 4606 nomine
1809 4531 1969 4604 inuocato

375 4675 386 4694 -·
431 4663 495 4737 per
517 4639 727 4714 conilictum
751 4639 917 4712 volumus
941 4641 1138 4728 decertare3
1170 4645 1289 4716 locum
1314 4649 1436 4716 autem
1465 4643 1669 4715 certaminis
1693 4641 1793 4712 uobis
1817 4637 1970 4712 indicare

431 4771 503 4823 non
526 4767 719 4842 possumus
750 4766 865 4838 neque
895 4753 1042 4837 scimus,
1077 4751 1141 4824 sed
1172 4756 1396 4845 omnipotens
1425 4751 1611 4834 Dominus,
1643 4751 1704 4838 qui
1732 4753 1862 4818 cuncta
1884 4742 1971 4831 regit

431 4864 468 4931 et
491 4855 648 4947 disponit
669 4856 848 4940 vniuersa,
871 4856 1001 4943 locum,
1025 4861 1064 4930 iu
1087 4880 1157 4952 quo
1181 4861 1367 4931 vobiscum
1390 4859 1584 4951 pugnaturi
1613 4875 1749 4940 sumus,
1777 4855 1851 4926 iam
1873 4849 1970 4924 vobis

433 4962 648 5058 properauit.
696 4960 858 5051 Denique
896 4968 1020 5036 stetim
1057 4970 1135 5038 sine
1172 4987 1272 5040 mora
1309 4966 1522 5038 exercitibus
1560 4965 1691 5034 uostris
1729 4960 1901 5034 ordinetis
1938 4956 1972 5022 et

432 5071 627 5152 instructis,
662 5069 761 5158 ipsos
795 5069 1017 5145 dimissimus
1047 5081 1170 5148 contro
1192 5070 1313 5148 hostes
1346 5075 1558 5146 transituros
1592 5073 1630 5141 in
1666 5070 1883 5152 conflictum,
1913 5059 1971 5133 vbi

432 5201 503 5252 non
527 5181 564 5250 in
587 5177 720 5246 virtute
736 5175 872 5270 brechij
896 5183 1008 5254 nostri
1025 5182 1081 5253 vol
1095 5185 1262 5272 gencium
1280 5181 1508 5253 mullitudine
1525 5185 1753 5260 armatorum,
1778 5175 1842 5246 sod
1865 5172 1991 5245 solius.
2106 5274 2107 5277 Ἴ

433 5289 498 5360 Dei
522 5285 699 5378 potestate
723 5287 759 5352 et.
782 5287 923 5372 virtute,
947 5291 1009 5378 qui
1033 5310 1098 5361 nos
1122 5311 1263 5386 semper
1287 5289 1331 5360 ab
1357 5287 1709 5374 aduersisdiguatus
1737 5294 1970 5376 perseuerare,

433 5399 558 5489 paucis
581 5387 686 5470 valde
707 5388 751 5460 de
775 5399 916 5481 nostris,
941 5399 1049 5470 nullis
1072 5419 1156 5470 vero
1180 5397 1397 5469 notabilibus
1421 5395 1628 5478 interiectis
1653 5411 1777 5464 omnes
1801 5389 1971 5461 exercitus

433 5516 658 5586 inimicorum
682 5511 942 5600 proslrouimus
967 5512 1002 5579 et
1024 5510 1145 5599 ipsum
1170 5507 1382 5594 magistrum
1398 5502 1612 5594 generalem
1634 5505 1669 5572 et
1692 5495 1971 5571 mareschalcum
