4668 6352
367 561 434 634 236

371 761 522 844 ,tamus
548 757 775 830 annullamus
800 779 842 830 ac
865 757 1002 830 uiribus
1023 777 1252 842 onacunmus,
1276 755 1689 848 illasqueconcossioncs
1705 757 1783 832 siue
1800 761 1910 848 dont(

370 867 506 954 ,donas
530 885 614 938 cum
637 867 803 939 omnibus
826 869 865 938 in
888 869 939 938 eis
964 868 1139 938 contentis
1163 870 1200 937 et
1222 865 1507 956 quibuscumque
1520 865 1603 937 inde
1619 867 1751 938 secutis
1774 875 1895 956 nullius

370 976 542 1060 „existere
565 972 701 1046 roboris
731 975 789 1046 uel
821 975 1003 1060 momenti,
1034 975 1185 1046 scicntia
1212 979 1248 1046 et
1271 976 1481 1046 arroteritate
1510 972 1659 1067 prelatis
1683 972 1895 1068 decernimus

372 1101 434 1169 ,ac
458 1084 568 1154 etiam
592 1079 826 1168 declaramus,
858 1087 895 1154 ct
917 1081 1169 1155 nichilominus
1192 1081 1353 1175 predicta
1375 1083 1497 1154 omnia
1525 1087 1561 1154 et
1583 1080 1726 1172 'singula
1747 1082 1839 1161 bone
1859 1116 1895 1172 aa

371 1187 563 1276 ,redditus
597 1209 667 1281 que
702 1211 785 1263 cum
819 1211 943 1262 eorum
974 1190 1216 1280 qualitatibus,
1251 1189 1449 1282 speciebus,
1484 1189 1676 1275 unionibus,
1711 1193 1894 1292 uocabulis,

372 1297 596 1383 ,confinibus
620 1301 657 1370 et
680 1299 761 1393 alijs
785 1299 861 1370 suis
890 1299 1157 1389 circunstanttjs
1187 1299 1377 1382 uniuersis,
1407 1297 1633 1390 presentibus
1662 1296 1786 1372 haberi
1807 1308 1896 1383 uolo.

374 1425 476 1492 ,mus
498 1425 562 1498 pro
587 1409 764 1498 expressis
795 1410 831 1478 et
859 1405 1089 1498 specificatis,
1123 1405 1322 1490 declaratis,
1353 1405 1407 1478 sic
1431 1406 1585 1479 alienata
1607 1409 1643 1478 et
1666 1403 1896 1499 dissipatam

373 1515 450 1599 ,ius
475 1517 511 1584 et
533 1517 786 1606 proprietatem
815 1534 857 1604 ac
881 1533 1008 1586 uerum
1042 1513 1241 1586 dominium
1276 1533 1399 1586 mense
1433 1517 1469 1585 et
1499 1515 1647 1586 ecclesie
1669 1513 1898 1606 predictarum

372 1620 533 1713 ,prelata
557 1624 767 1694 auctoritate
790 1622 997 1696 reducimus
1020 1643 1063 1694 ac
1086 1624 1195 1694 etiam
1218 1641 1441 1706 reuocamus,
1465 1624 1614 1714 ipsaque
1633 1621 1728 1694 bone
1746 1626 1783 1693 et
1797 1626 1900 1704 reddi.

376 1733 455 1816 ,tus
478 1727 617 1822 prefate
641 1749 765 1802 mense
789 1730 1022 1823 applicamus,
1051 1750 1094 1802 ac
1116 1735 1163 1815 te,
1188 1749 1350 1802 mensem
1381 1734 1417 1801 et
1450 1729 1639 1801 ecclesiam
1671 1728 1828 1822 prelatas
1860 1739 1900 1812 nd

373 1834 600 1923 ,huiusmodi
622 1836 726 1923 bona,
749 1837 911 1910 redditus
935 1857 1127 1928 eorumque
1150 1839 1403 1930 proprietatem
1426 1837 1464 1909 in
1488 1837 1705 1930 corporalem
1719 1847 1900 1929 possessio

291 1982 294 1988 ·
375 1963 479 2030 ,nem
501 1943 631 2016 harum
666 1947 758 2038 serie
789 1946 947 2044 plenarie
975 1947 1214 2028 restituimus,
1229 1950 1266 2016 et
1294 1947 1566 2036 reintegremus,
1590 1947 1650 2030 ita,
1681 1943 1777 2035 quod
1804 1945 1902 2025 liceat
2040 1975 2044 1984 ·

372 2051 459 2139 ,tibi
490 2071 555 2144 per
588 2057 624 2124 te
658 2054 717 2126 nel
750 2054 860 2125 elium
895 2073 960 2126 seu
995 2053 1093 2138 alios,
1127 2073 1216 2145 quos
1251 2052 1393 2128 duxeris
1424 2053 1657 2146 deputandos,
1692 2052 1900 2147 pretatomm

375 2159 602 2248 „reddituum
625 2166 662 2233 et
683 2160 858 2234 bonorum
882 2161 1100 2254 corporalem
1121 2164 1387 2255 possessionem
1406 2163 1617 2234 auctoritate
1631 2163 1775 2254 propria
1790 2182 1901 2256 appre

375 2267 552 2354 ,bendere
575 2272 612 2340 ct
633 2275 804 2362 perpetuo
834 2271 986 2341 retinere
1009 2268 1141 2360 illaque
1170 2272 1209 2342 in
1231 2289 1320 2342 usus
1351 2274 1388 2342 et
1411 2267 1700 2342 commoditatem
1731 2288 1851 2344 mense
1871 2281 1903 2348 et

375 2376 545 2462 ,ecclesie
566 2377 789 2469 preiatarum
815 2377 926 2450 libere
950 2382 1156 2449 conuertere
1179 2381 1216 2448 et
1239 2377 1327 2450 alias
1362 2377 1406 2448 de
1438 2377 1509 2450 illis
1545 2377 1732 2470 disponere
1764 2377 1800 2450 e't
1821 2379 1902 2454 ordi-

374 2503 491 2571 ,nara
517 2485 819 2575 quemadmodum
844 2485 1101 2579 archiepiscopi
1125 2485 1361 2570 (lucanenses,
1393 2487 1455 2577 qui
1482 2484 1628 2558 inerunt
1655 2505 1719 2578 pro
1742 2490 1902 2580 temporo,

376 2597 480 2680 ,ante
503 2595 752 2664 concessiones
775 2612 841 2665 seu
864 2592 1073 2666 donationes
1097 2593 1303 2665 huiusmodi
1327 2593 1371 2664 de
1394 2593 1465 2664 iilis
1482 2593 1668 2686 disponere
1692 2597 1728 2665 et
1751 2591 1904 2668 ordinare
2085 2591 2165 2665 drnli
2180 2583 2326 2678 *Gnasne

320 2685 327 2712 ”
375 2704 589 2792 ,potuerunt
620 2721 686 2772 sen
714 2704 823 2773 etiam
847 2699 1056 2788 debuerunt,
1092 2702 1304 2774 alienatione
1334 2704 1456 2774 tamen
1487 2700 1680 2774 eorundem
1708 2698 1904 2778 reddituum

305 2799 310 2810 '
375 2814 433 2896 ,et
455 2807 632 2881 bonorum
655 2807 721 2880 tibi
742 2813 887 2902 penitus
902 2807 1100 2881 interdicte.
1147 2809 1226 2882 Non
1241 2808 1466 2882 obstantibus
1481 2809 1764 2900 obligationibus,
1786 2829 1905 2883 rennn·
2238 2793 2333 2877 And

376 2915 615 3002 „bubonibus
639 2919 861 3001 iuramentis,
885 2917 1217 2989 confirmationibus
1242 2917 1446 3011 apostolicis
1462 2921 1498 2988 et
1519 2917 1705 3008 quibusuis
1729 2917 1810 3010 alijs
1832 2937 1905 2990 cau·
1979 2952 1982 2959 =
2092 2917 2238 2988 nomano
2260 2901 2297 2970 ei

376 3025 477 3111 ,telis
501 3027 539 3096 in
563 3023 740 3096 similibus
772 3025 1061 3096 concessionibus
1085 3029 1121 3096 et
1144 3023 1394 3097 donationibus
1425 3044 1489 3096 seu
1514 3025 1786 3098 alienationibus
1808 3023 1906 3098 bono·
2010 3055 2016 3074 =
2094 3001 2327 3092 canonicusG

377 3150 478 3233 ,rum
500 3130 709 3204 huiusmodi
733 3132 841 3226 adijci
869 3136 1060 3218 consuetis
1093 3153 1317 3224 quacumque
1345 3133 1517 3204 firmitate
1548 3132 1689 3205 uallatis
1713 3133 1905 3224 atquibus·
2008 3094 2019 3248 ἑ
2096 3133 2178 3226 tium
2200 3129 2330 3212 papam

378 3259 564 3330 ,cumque
609 3239 707 3316 Nuiii
731 3260 814 3331 ergo
839 3243 983 3312 omnino
1007 3240 1194 3313 hominum
1216 3241 1323 3312 liceat
1345 3241 1439 3312 hanc
1462 3243 1632 3334 paginam
1655 3245 1776 3313 nostre
1798 3260 1906 3313 cessa·
2009 3265 2020 3386 p
2099 3229 2334 3308 lructibu521'‘

378 3349 516 3434 ,tionis
552 3350 802 3434 reuocetionis,
837 3351 1056 3434 irritationis,
1090 3349 1353 3434 annullationis‚
1386 3350 1639 3434 euacuationis,
1670 3349 1905 3432 restitutionis,
2012 3409 2017 3424 .
2102 3341 2179 3432 licij,
2206 3335 2275 3406 hoc
2319 3357 2326 3389 ι

380 3461 436 3544 ,et
471 3458 760 3546 reintegrationis
794 3459 991 3546 intringere
1018 3457 1076 3529 uel
1109 3459 1141 3528 ei
1178 3477 1270 3528 ausu
1302 3457 1490 3529 temerario
1526 3458 1709 3529 contraire.
1756 3456 1794 3529 Si
1834 3457 1907 3548 quis
2012 3431 2020 3473 ἴ
2103 3447 2188 3529 utile.
2210 3443 2251 3540 11ss
2272 3435 2313 3560 ie·

377 3567 520 3650 ,autem
553 3563 622 3636 hoe
652 3567 865 3657 attemptare
894 3568 1163 3657 presumpserit,
1196 3563 1481 3655 indignationem
1505 3559 1767 3658 omnipotentis
1789 3563 1908 3636 Daiei
2013 3533 2024 3694 ξ
2107 3573 2192 3626 nnnc
2214 3547 2330 3620 solata·

377 3673 583 3758 „beatorum
607 3671 701 3744 Petri
725 3671 760 3744 et
783 3671 883 3744 Pauli
908 3674 1147 3766 apostolorum
1172 3675 1249 3745 cius
1273 3693 1313 3744 se
1336 3675 1476 3746 nouerit
1498 3675 1734 3745 incursurum.
1781 3671 1907 3743 Datum
2016 3697 2024 3766 p
2109 3659 2277 3738 destitute,
2299 3670 2334 3742 p*

378 3780 556 3866 ,Bononio
581 3781 615 3851 v
637 3771 810 3852 kalendas
833 3770 1000 3870 Aug'usti,
1024 3781 1256 3874 pontificatus
1279 3783 1392 3853 nostri
1415 3801 1508 3854 anno
1532 3783 1688 3872 quintos
2016 3767 2025 3883 ξ
2111 3774 2200 3851 iiam,
2235 3781 2282 3886 ὅθ.
2306 3777 2330 3849 i)

537 3887 729 3980 Cupientes
753 3889 865 3978 igitur
885 3889 1022 3960 litteras
1046 3891 1144 3982 ipsas
1179 3894 1216 3962 et
1247 3893 1368 3962 omniu
1399 3892 1438 3961 in
1472 3891 1524 3961 eis
1549 3891 1715 3961 contenta
1744 3890 1908 3981 imperpe·
2018 3894 2027 3990 Ξ
2113 3882 2144 3948 ci
2166 3874 2324 3946 inuicssSS

376 4003 479 4070 tuum
511 3995 766 4068 inuiolabiliter
799 3997 991 4082 obseruari,
1034 3998 1261 4070 Fratemitati
1301 4004 1420 4070 uestre
1455 4017 1520 4090 per
1554 3996 1748 4090 apostolica
1784 3996 1909 4087 scripta
2021 4013 2028 4082 ξ
2116 3987 2233 4073 nicole
2256 3982 2329 4049 ei·

377 4105 602 4188 mandamus,
639 4106 807 4194 quatinus
830 4124 907 4189 uos,
941 4105 1001 4177 uel
1024 4105 1094 4177 duo
1131 4111 1193 4177 eut
1216 4127 1309 4178 rmus
1336 4109 1497 4177 restrum
1531 4125 1691 4198 paruos
1724 4105 1782 4176 uel
1806 4103 1908 4175 alium
2020 4089 2030 4214 ξ
2120 4082 2315 4211 fileruntde

377 4234 441 4285 seu
465 4213 553 4284 alios
578 4211 694 4283 eidem
719 4211 985 4305 archiepiscopo
1014 4217 1050 4285 et
1073 4213 1286 4306 deputandis
1320 4213 1365 4286 ab
1391 4234 1433 4285 eo
1466 4215 1504 4285 in
1535 4215 1720 4307 premissis
1750 4209 1908 4284 omnibus
2024 4227 2030 4314 ξ
2121 4205 2323 4319 ctnoracron

377 4327 413 4393 ct
436 4321 588 4410 singulis
613 4319 774 4391 efficacis
799 4319 1018 4393 defensionis
1042 4321 1196 4414 presidio
1221 4325 1440 4406 assistentes,
1470 4324 1715 4413 promissaque
1739 4325 1775 4392 et
1797 4315 1910 4390 omnic
2022 4313 2031 4354 a
2125 4321 2277 4373 nrrnnens
2330 4324 2334 4333 ·

377 4433 414 4502 in
440 4428 576 4500 eisdem
601 4432 769 4499 contente
791 4430 920 4499 litteris
945 4432 1143 4502 executioni
1167 4429 1287 4502 debite
1310 4428 1580 4516 demandantes,
1604 4430 1743 4522 prefata
1757 4428 1850 4499 bona
1871 4439 1910 4494 ac
2025 4427 2033 4530 ξ
2127 4412 2269 4534 paulam
2305 4425 2328 4497 P

376 4537 538 4610 redditus
563 4535 609 4607 ad
631 4539 691 4607 ius
716 4543 751 4607 et
774 4539 1027 4629 proprietatem
1063 4558 1188 4610 mense
1212 4545 1248 4610 ot
1280 4538 1429 4609 ecclesie
1457 4537 1676 4630 prefatarum
1708 4533 1910 4607 auctoritaie
2027 4547 2032 4597 :
2130 4517 2225 4602 illlis,
2256 4514 2301 4585 da

305 4645 317 4665 ”
378 4651 501 4718 nostra
523 4643 694 4716 reducere
718 4649 754 4716 et
776 4665 944 4717 reuocare
968 4649 1109 4732 curetis,
1135 4667 1205 4717 non
1229 4649 1477 4739 permittentes
1501 4645 1654 4718 eundem
1685 4644 1910 4736 archiepisco·
2027 4626 2036 4735 ξ
2132 4641 2334 4744 ‘llilssumqli

377 4775 465 4848 pum
490 4757 553 4825 aut
576 4751 799 4844 deputandos
830 4753 876 4824 ab
907 4773 947 4824 eo
972 4759 1095 4827 contre
1125 4753 1331 4826 huiusmodi
1362 4755 1562 4826 litterarum
1585 4756 1799 4842 [nostrarum
1821 4753 1910 4821 teno
2028 4752 2036 4853 t
2135 4751 2212 4855 clini
2236 4747 2331 4856 ΨΜ

377 4865 465 4950 remt
490 4867 525 4934 et
549 4861 703 4932 iormam
726 4859 883 4932 indebite
913 4863 1110 4946 molestam
1142 4863 1387 4934 molestatores
1421 4883 1463 4934 ac
1487 4862 1662 4934 dictorum
1686 4855 1913 4933 bonorumet
2030 4866 2037 4929 l
2137 4837 2334 4908 diffllillmu

378 4971 584 5042 reddituum
617 4975 849 5061 occupatores
885 4975 922 5040 et
954 4970 1155 5042 detentores
1191 4991 1330 5042 necnon
1364 4971 1640 5043 contradictores
1675 4968 1850 5060 quoslibet
1879 4961 1914 5030 et
2031 4948 2041 5056 ξ
2140 4942 2197 5012 (¹³⁸
2219 4951 2254 5016 il
2275 4963 2334 5034 gur

377 5079 526 5186 rebelles
551 5079 810 5168 cuiuscumque
833 5083 960 5162 status,
989 5078 1133 5168 gradare,
1160 5077 1346 5170 dignitatis
1370 5080 1427 5150 nol
1452 5079 1694 5168 [iuridicionis]
1728 5071 1911 5149 extiterint
2032 5115 2039 5180 ἒ
2144 5071 2207 5175 per·
2230 5069 2315 5123 CimO

378 5191 661 5280 percensuram
693 5187 973 5258 ecclesiasticam
1006 5192 1041 5257 et
1072 5187 1141 5259 alia
1171 5189 1258 5258 iuris
1289 5187 1448 5260 remedia
1479 5187 1713 5280 uppeiiutione
1735 5180 1913 5279 posposita
2145 5154 2295 5276 “lilinum
2332 5188 2334 5207 ⁴

379 5293 652 5386 conrpcscendo;
686 5297 851 5366 inuocato
885 5293 931 5366 ad
965 5295 1043 5379 hoc,
1074 5298 1105 5366 si
1129 5316 1219 5388 opus
1243 5297 1362 5380 luerit,
1396 5295 1526 5366 auxillo
1558 5295 1693 5385 brecbij
1731 5287 1911 5364 secularist
2148 5273 2268 5384 'illem
2291 5284 2332 5356 pr

378 5403 709 5487 nonobstantibus,
739 5406 770 5474 si
801 5402 936 5474 eisdem
963 5405 1134 5497 [personis
1166 5423 1208 5474 ae
1238 5403 1429 5492 dicttorum
1445 5393 1663 5474 'reddituum
1687 5407 1723 5473 ct
1745 5403 1912 5472 bonorum
2036 5451 2044 5483 ,
2151 5372 2297 5444 ‘iisdem
2327 5398 2334 5433 ¹

380 5510 652 5610 occrrpatoribus
677 5517 713 5583 et
736 5511 980 5584 detentoribus
1004 5513 1062 5584 ucl
1087 5511 1273 5604 quibnsuis
1306 5513 1386 5606 alijs
1421 5513 1656 5584 communiter
1684 5511 1742 5582 uel
1774 5502 1913 5578 diuisim
2037 5486 2044 5544 ἶ
2154 5478 2331 5552 ¹¹⁰ibl¹¹¹1⁸
