4706 6356
263 463 307 534 78

271 657 394 743 elensi,
418 657 564 732 Nicolao
588 656 634 730 do
663 659 836 748 Opporow
858 663 1027 733 venatore
1054 655 1286 744 Lanclciensi,
1318 659 1525 734 Thomlcone
1549 658 1594 732 de
1619 663 1805 739 Weiecicae

270 765 511 859 subpineema
530 765 705 854 Raweusl,
729 767 883 840 Cristino
907 767 952 840 dc
973 769 1161 854 suanm,
1186 767 1364 841 Stanislao
1387 767 1432 840 de
1454 769 1615 858 Byelouzi
1634 771 1805 864 pincerna

267 873 500 958 Lanciciensi,
524 873 708 948 Leonmdo
731 874 777 948 dc
797 879 1014 949 Simoilorco
1037 875 1218 948 marsalko
1240 876 1427 949 reuerendi
1456 877 1495 950 ln
1517 876 1657 951 Christo
1679 881 1802 972 patris,

263 980 400 1073 dominJ
414 980 552 1055 Nicolui
571 982 831 1078 archiepiscopi
847 983 1066 1058 Gneanensis
1076 981 1283 1077 supradicti,
1301 989 1338 1056 et
1353 984 1434 1076 alijs
1444 985 1567 1058 multis
1579 985 1802 1077 fidedignis'.

427 1089 542 1176 Quem
578 1095 802 1165 contractum
837 1097 875 1164 et
907 1090 1173 1188 ordinaplonem
1205 1091 1533 1186 supradescriptam
1561 1095 1655 1166 inter
1682 1099 1802 1188 partes

265 1217 453 1291 expressas
476 1199 577 1270 iuxta
600 1197 777 1272 dictarum
800 1200 963 1292 parcium
985 1201 1270 1290 recogniclonem
1292 1200 1414 1294 palam
1428 1205 1466 1274 et
1480 1220 1646 1295 expresse
1667 1202 1801 1278 facum

266 1323 389 1378 coram
411 1305 642 1378 multitudine
665 1307 891 1380 dominorum
913 1309 1014 1400 prlus
1037 1306 1307 1402 descriptorum,
1338 1328 1405 1382 nos
1423 1307 1693 1396 confirmamus,
1721 1313 1802 1386 ratl-

130 1509 133 1516 Δ
264 1412 430 1498 ficamus,
461 1414 703 1508 approbamus
735 1415 967 1488 decernentes
1001 1416 1110 1488 robur
1140 1420 1311 1510 perpetuo
1340 1416 1523 1489 iirnutatls
1553 1416 1804 1494 inuiolabiliter

266 1520 435 1594 obtinere.
482 1522 523 1594 In
546 1523 650 1594 cuius
673 1526 725 1616 rej
750 1525 996 1596 testimonium
1020 1524 1138 1615 sigilla
1156 1527 1279 1596 nostra
1292 1525 1518 1617 presentibus
1533 1528 1620 1597 sunt
1634 1545 1801 1620 appensa

264 1630 400 1702 Actum
423 1633 460 1702 et
483 1627 609 1702 datum
632 1633 670 1702 in
693 1634 885 1704 Gestinino
908 1631 999 1704 ferie
1020 1636 1123 1703 serta
1144 1633 1183 1704 in
1206 1634 1360 1704 crastum
1383 1635 1509 1704 sancte
1531 1631 1709 1706 Dorothee
1731 1634 1802 1726 glo·

266 1739 360 1810 riose
383 1738 546 1828 virginis,
574 1739 612 1810 ln
634 1741 822 1832 presencia
844 1737 989 1812 domine
1011 1738 1164 1825 ducisse,
1198 1759 1292 1813 anno
1324 1740 1470 1812 Domini
1500 1739 1689 1815 millesimo
1719 1762 1802 1834 qua·

265 1844 546 1936 dringentesimo
568 1848 740 1920 uicesimo
763 1848 927 1941 septimo.

261 2151 351 2212 ,Μ
425 2059 513 2142 '‘sl“
538 2061 754 2138 ”illlum
780 2039 982 2138 saiwam
1008 2061 1139 2138 usur
1156 2041 1391 2153 miscuere
1410 2061 1629 2137 olamans
1648 2081 1665 2122 ι
1681 2079 1705 2122 ι.
1725 2065 1802 2135 nn,

357 2167 456 2220 ,m

426 2351 449 2423 ¹)
468 2347 548 2408 Wiei
568 2349 694 2424 &eroes
710 2367 736 2408 rr
754 2347 868 2424 ckclicy
886 2348 1040 2421 „kannei
1059 2347 1269 2420 dokumcntern,
1288 2349 1349 2410 deli
1367 2349 1414 2408 nie
1431 2349 1551 2424 isturicie.

424 2439 446 2510 ¹)
463 2439 617 2514 sammaa
633 2440 758 2498 omae
774 2437 842 2498 nied
860 2456 885 2496 n
903 2457 974 2515 pon.
992 2439 1233 2510 sochamenskirc,
1251 2457 1311 2515 per.
1329 2441 1405 2502 liuta

424 2529 1577 2606 'titinnicgdymiaetecakndaiiwieiparadalnupomsocbacsensklm

260 2931 316 3002 80.
365 2930 463 3002 1405.
487 2925 547 3000 die
569 2931 602 3000 9.
627 2927 761 3000 mensis
784 2924 1015 3020 Septembris,
1038 2925 1247 3026 Posnaniae
1399 2885 1401 2888 ¹
1443 2955 1447 2964 .
1540 3023 1543 3030 ⁴

396 3111 399 3116 ¹
425 3143 598 3224 tilbertus
621 3143 810 3237 episcopus
833 3097 1086 3215 Poenanisusls
1102 3141 1246 3216 cuidem
1264 3142 1410 3215 Alberto
1426 3141 1659 3216 construendi
1670 3164 1799 3218 noram

261 3252 395 3326 molam
418 3253 604 3344 aquariam
621 3253 666 3324 in
687 3251 774 3323 villa
795 3253 938 3323 Kozlow
960 3248 1024 3322 dat
1044 3253 1269 3344 potestatem.

423 3467 637 3540 innomine
666 3465 812 3540 Domini
842 3485 958 3539 amen.
1004 3465 1173 3540 Albsrtus
1206 3467 1273 3538 Dei
1302 3467 1425 3558 gracia
1454 3469 1642 3560 episcopua
1672 3467 1798 3540 Poena·

264 3578 414 3662 niensis,
454 3573 501 3648 ad
534 3579 745 3668 perpetuam
778 3578 831 3648 rei
863 3577 1084 3648 memoriam.
1128 3573 1448 3648 Administracionl
1473 3575 1638 3648 ,ecclesie
1671 3575 1799 3649 Perna·

257 3686 397 3757 niensis
421 3683 574 3756 Domino
598 3683 809 3777 disponente
833 3682 1005 3776 deputati,
1035 3685 1074 3754 in
1103 3685 1197 3755 votis
1227 3685 1385 3773 gerimus
1414 3685 1602 3769 continuis,
1632 3686 1673 3756 vt
1694 3681 1798 3756 bono·

260 3813 344 3866 rum
367 3793 482 3887 ipsius
507 3790 658 3864 ecclesie
681 3790 831 3864 comoda
854 3779 1052 3882 augeamus
1076 3795 1113 3863 et
1128 3788 1381 3877 condicionem,
1406 3795 1581 3883 quantum
1597 3809 1797 3884 possumus,

261 3901 425 3974 debona
452 3901 631 3972 iaciamus
662 3899 856 3971 meliorem.
901 3898 988 3972 Inde
1017 3902 1183 3972 nouerint
1211 3902 1380 3983 uniuersi,
1410 3903 1595 3992 presentes
1619 3902 1655 3971 et
1675 3899 1797 3984 iuturl,

261 4007 360 4101 quod
373 4029 439 4080 nos
455 4006 691 4093 attendentes,
716 4006 839 4098 (quod)
854 4007 1098 4080 molendinum
1114 4007 1199 4079 olim
1216 4009 1311 4078 circa
1326 4009 1462 4080 curiam
1480 4009 1640 4081 nostram
1654 4009 1693 4080 ln
1715 4007 1799 4079 villa

258 4122 386 4190 nostra
417 4118 581 4200 Cosmwo,
593 4119 619 4204 ¹)
656 4119 695 4188 in
731 4115 892 4187 llaaouia
924 4135 1032 4208 super
1066 4115 1221 4187 iluuium
1253 4117 1396 4187 Brzura
1430 4135 1495 4208 per
1530 4115 1797 4208 predecessores

257 4229 402 4298 nostros
429 4225 598 4308 locatum,
622 4227 788 4295 extiterat
811 4226 931 4295 minus
954 4223 1051 4308 vtile,
1075 4223 1269 4294 obstaculis
1294 4223 1427 4308 multis,
1453 4221 1714 4316 aggeribusque
1736 4241 1797 4316 pro

260 4335 541 4424 reaggcracione
575 4337 612 4402 et
647 4333 852 4402 retencione
887 4351 1062 4421 aquarum
1091 4329 1262 4420 indigere,
1292 4330 1498 4421 frequenter
1527 4351 1667 4422 quoque
1697 4331 1797 4422 aquis

258 4438 551 4513 decrescentibus
587 4442 623 4510 et
658 4437 870 4530 quandoque
905 4436 1098 4511 destructis
1129 4440 1321 4530 aggeribus
1355 4441 1393 4512 in
1426 4437 1590 4511 molendo
1624 4437 1796 4533 impediri,
1849 4489 1852 4496 ,

256 4548 528 4622 considerantes
551 4565 692 4638 quoque
715 4545 930 4618 industriam
952 4549 1086 4640 ingenij
1114 4550 1150 4619 et
1176 4547 1349 4632 laborum,
1380 4567 1489 4640 super
1518 4546 1648 4638 quibus
1676 4547 1796 4619 Alber·

257 4642 323 4730 tus
357 4657 472 4730 laicus
506 4654 609 4726 nobis
645 4657 762 4727 extitit
794 4653 1038 4740 comendatus,
1072 4653 1274 4748 predictum
1307 4655 1550 4748 molendinum
1579 4657 1617 4726 in
1646 4655 1798 4727 Cosiowc

256 4767 307 4838 de
329 4784 423 4838 nouo
448 4769 484 4836 et
507 4765 544 4835 in
567 4763 644 4834 loco
669 4763 737 4834 alio
769 4765 885 4853 magis
916 4768 999 4857 apto
1023 4767 1060 4834 et
1083 4783 1239 4854 congruo
1270 4762 1549 4835 construendum
1573 4767 1609 4836 et
1632 4761 1796 4836 edifican-

254 4873 346 4946 dum
377 4871 494 4945 eidem
528 4871 674 4943 Alberto
712 4869 756 4942 dc
790 4871 1047 4944 venerabilium
1081 4872 1234 4944 fratrum
1262 4874 1474 4956 nostrorum,
1508 4872 1726 4964 prelatorum
1763 4870 1796 4940 ct

257 4983 516 5056 canonicomm
539 4979 848 5071 infrascriptomm
873 4979 1019 5071 capituli
1043 4982 1155 5052 nostn'
1178 4980 1429 5052 Poznaniensis
1453 4980 1636 5052 voluntate
1659 4983 1696 5051 et
1718 4995 1794 5050 con·

253 5111 369 5164 sensu
398 5088 562 5162 dedimus
587 5093 623 5159 et
646 5087 873 5172 contulimus,
898 5086 1098 5178 damusque
1121 5087 1425 5172 etconlern'mus,
1448 5108 1512 5181 per
1533 5089 1653 5182 ipsum
1675 5087 1795 5159 Alber·

252 5202 397 5272 tumet
431 5218 516 5270 suos
539 5196 735 5286 legittimus
769 5215 994 5267 successores
1027 5197 1103 5268 iure
1138 5200 1308 5288 perpetuo
1343 5196 1547 5292 tenendum,
1582 5193 1793 5274 habendum.

251 5305 517 5401 possidendum
541 5310 684 5375 etcum
714 5308 835 5376 nostro
867 5323 1045 5375 consensu
1067 5303 1295 5375 rendendum
1326 5325 1391 5375 scu
1415 5303 1644 5376 alienandum
1667 5325 1710 5376 ao
1732 5299 1793 5372 vu·
1857 5359 1860 5368 .

252 5413 462 5502 fruendum,
487 5411 555 5487 hoc
578 5411 701 5486 ordino
724 5415 832 5506 ablue
855 5411 971 5500 modo,
1002 5411 1097 5506 quod
1120 5410 1286 5485 uidelicet
1308 5413 1386 5508 ipse
1407 5412 1576 5488 Albertus
1601 5417 1636 5486 et
1658 5427 1793 5487 succes·

1979 724 2077 786 soros
2100 707 2157 787 sul
2181 698 2315 788 molend

1979 827 2180 896 mentorum
2203 822 2315 915 quoni

1978 928 2168 1024 defgrano,
2199 929 2294 1023 quod
2310 900 2319 1034 1

1979 1038 2118 1112 duabus
2141 1039 2321 1134 partibus·l

1979 1149 2093 1219 eciam
2116 1147 2254 1242 prelato
2284 1131 2321 1220 Al

1978 1258 2156 1328 iacentem
2179 1257 2273 1328 circa
2295 1231 2324 1342 1);

1928 1383 1930 1388 ·
1978 1362 2159 1454 wlgarlter
2182 1381 2204 1435 a
2224 1365 2339 1452 mei

1979 1473 2160 1544 bdeancao.
2206 1469 2339 1554 Cetcnii

1979 1599 2054 1682 sua
2067 1581 2106 1652 ln
2129 1579 2242 1652 iluulo
2264 1556 2325 1682 prl

1979 1687 2150 1774 invenus,
2173 1688 2291 1760 auimo
2315 1689 2339 1762 ‘il

1980 1815 2090 1886 quam
2112 1773 2335 1904 successcrcl',

1979 1903 2048 1974 bus
2077 1905 2113 1974 et
2134 1883 2334 2082 ierramenp

1981 2011 2076 2083 sarie
2104 2009 2247 2096 inerint,
2276 2029 2339 2084 nu

1981 2117 2027 2192 ad
2048 2137 2140 2214 opus
2163 2050 2339 2214 edlilcacl‘

1981 2225 2077 2312 dare,
2100 2225 2269 2300 Albsrtus
2289 2236 2339 2318 nl

1981 2335 2150 2409 Albertus
2173 2354 2282 2428 quam
2304 2315 2339 2408 dl

1982 2447 2032 2529 tu,
2055 2443 2174 2516 hostia
2197 2462 2335 2536 quoquc

1981 2549 2115 2625 ibidem
2137 2552 2175 2624 ln
2198 2551 2298 2623 curla
2321 2547 2337 2660 ξ

1982 2659 2057 2751 rije.
2102 2657 2142 2732 In
2166 2667 2339 2749 quorumt}

1982 2766 2095 2840 nostri
2117 2765 2236 2858 sigilla
2258 2743 2339 2854 uoci

1982 2875 2021 2946 ln
2043 2875 2144 2946 curlo
2164 2878 2288 2948 nasim
2316 2854 2339 3012 p

1983 2983 2116 3073 quinto.
2162 2981 2335 3060 Presenti.

1982 3089 2153 3164 fasanus
2176 3067 2339 3209 noemi

1983 3198 2040 3272 lac
2074 3198 2129 3282 de,
2152 3199 2339 3307 Obbpowp

1983 3306 2126 3380 Albrico
2149 3305 2339 3380 Warcehol

1984 3413 2281 3509 Nicolaojjiiorka
2313 3370 2339 3488 dl

1984 3521 2127 3616 Nepert,
2151 3521 2339 3686 lobannep

1984 3631 2128 3704 Alberio
2153 3629 2339 3719 Gluschlne

1985 3737 2147 3814 Floriano
2169 3709 2339 3852 Poklatkr]

1984 3845 2097 3935 Blida,
2132 3848 2278 3941 prelatis
2315 3866 2333 3922 e

1984 3975 2078 4049 pane
2100 3956 2322 4050 capitularite

2145 4153 2309 4215 &mutent

1984 4251 2136 4319 opalrzony
2153 4245 2203 4320 byl
2220 4244 2266 4320 pie

1984 4351 2062 4408 nego
2087 4333 2226 4406 jednabiu
2244 4335 2311 4392 asni

1985 4424 2147 4497 nyciinieia
2163 4424 2269 4494 rrcskn,
2287 4423 2306 4481 k

1986 4513 2040 4586 ulei
2060 4523 2152 4574 tarcra
2168 4533 2185 4572 a
2201 4513 2316 4574 herbam

2149 4695 2171 4768 ι)
2189 4665 2325 4753 ms
