4734 6356
1903 479 1909 494 .
2012 385 2033 461 7
2166 433 2172 442 ⁸

497 589 532 666 ln
567 573 820 657 detrimentum
862 585 899 651 et
933 576 1209 652 minoraeiouem
1245 579 1448 654 reddituum
1481 588 1517 656 ot
1551 589 1790 676 proueniuum
1826 588 2032 679 monasterii

498 691 797 792 supranominati,¹
825 687 1073 780 promittentes
1111 708 1153 759 ex
1187 694 1338 780 utreque
1371 697 1473 782 parte
1503 693 1643 764 sincera
1678 693 1751 766 lide
1784 699 1820 765 et
1846 695 1925 766 sine
1953 694 2034 767 dolo

498 807 615 880 nostre
638 797 851 869 dillinieioni
876 797 953 866 siue
978 795 1269 868 determinationi
1293 797 1360 868 sub
1375 819 1478 891 pena
1506 801 1653 890 triginta
1676 821 1878 874 marcarum
1901 803 2035 876 vallata

498 909 670 986 currentis
694 911 835 978 monete
858 906 1092 996 pecuniarum
1119 905 1271 976 tirmiter
1301 905 1454 979 obedire.
1501 907 1566 980 Pro
1600 909 1703 980 ouius
1732 929 1823 1002 pene
1846 908 2036 1001 siquidem,

404 1009 409 1018 ’
499 1025 539 1092 ιι
560 1015 787 1109 premittitur,
819 1012 1011 1097 solucione,
1042 1015 1074 1084 si
1098 1033 1167 1102 que
1190 1033 1284 1104 pare,
1316 1013 1410 1104 quod
1443 1015 1546 1101 absit,
1578 1015 1776 1088 diffinitum
1808 1024 1843 1090 et
1871 1017 2035 1090 determi-

498 1131 621 1202 natum
644 1125 760 1194 rutum
792 1127 829 1192 et
852 1122 999 1192 firmum
1031 1127 1152 1192 tenere
1184 1122 1346 1206 noluerit,
1371 1125 1602 1196 astrinximus
1633 1123 1865 1198 iideiussione
1889 1147 1952 1220 per
1975 1145 2035 1198 no·

498 1234 585 1308 biles
609 1230 828 1302 Stenislaum
853 1231 889 1300 in
913 1228 1332 1300 Seriowosubiudieem
1355 1230 1634 1304 Poenaniensem
1659 1239 1694 1304 et
1718 1239 1871 1306 inriorem
1896 1254 2035 1306 monas·

498 1343 574 1432 terij
600 1342 636 1410 in
661 1339 780 1410 Leebtn
805 1335 955 1430 predicti
989 1342 1023 1407 et
1054 1337 1198 1408 Petrum
1229 1339 1268 1409 in
1299 1339 1568 1426 Goseeepeeoioee
1591 1339 1751 1423 heredes,
1783 1361 1824 1412 ex
1852 1347 1953 1434 perte
1978 1342 2037 1413 do·

500 1451 585 1524 mini
625 1446 774 1530 abbatis,
813 1450 849 1516 et
884 1465 948 1538 per
981 1443 1175 1516 Iohannem
1210 1445 1431 1534 lloezigrooh
1466 1449 1503 1518 in
1539 1451 1706 1534 Zawada,
1743 1447 1962 1522 bliczkonem
1998 1451 2035 1521 in

499 1558 776 1644 Gmmepermeee,
800 1554 992 1626 Iohannem
1017 1553 1138 1643 Draag
1161 1555 1198 1625 ιιι
1222 1554 1393 1626 Oeseeena
1417 1561 1452 1626 et
1474 1575 1538 1646 per
1561 1555 1694 1647 Stoyan
1710 1557 1748 1626 in
1765 1557 2036 1644 Goseeepewe'cee

499 1664 710 1740 irmethones
735 1683 778 1734 ex
801 1667 902 1754 parte
933 1663 1046 1754 ipsius
1077 1661 1210 1732 blathie
1234 1661 1429 1734 Dzetrzieh.
1477 1663 1550 1736 Nos
1574 1684 1657 1736 vero
1689 1663 1811 1736 arbitri
1844 1667 1917 1736 iarn
1948 1667 2034 1737 tacti

500 1781 729 1861 vtrerumque
752 1771 914 1864 parcium
937 1770 1216 1861 prescriptsrum
1239 1771 1343 1862 plene
1367 1791 1496 1842 euersas
1520 1777 1556 1844 et
1585 1773 1736 1862 negocia
1757 1771 2036 1865 perscrutantes

407 1883 410 1889 '
498 1882 679 1969 bonasque
712 1881 872 1970 ipsorum
906 1877 1109 1949 uoluntates
1145 1883 1181 1948 et
1211 1897 1426 1950 consensum
1462 1879 1648 1952 concordie
1681 1879 1886 1964 acclinatos,
1923 1885 2035 1952 otten-

500 1989 633 2072 dentes,
668 1985 873 2058 deliberetis
908 1987 1038 2057 animis
1071 1987 1234 2078 parcium
1258 1985 1498 2078 predictarum
1533 2007 1576 2059 eo
1610 2007 1737 2060 sumus
1770 1985 2051 2079 mIserieordius

499 2095 668 2180 inclinati,
708 2095 800 2166 inter
833 2095 932 2186 ipses
969 2096 1089 2186 partes
1127 2093 1333 2186 prehabitas
1372 2096 1494 2166 omnia
1530 2096 1689 2185 negocia,
1729 2093 1967 2168 aduersitates
2000 2103 2037 2168 et

500 2223 638 2288 causas,
673 2221 743 2293 que
777 2202 1008 2273 vertebantur
1049 2201 1107 2272 vel
1139 2202 1230 2272 verti
1264 2207 1429 2293 poterant
1463 2203 1557 2274 inter
1589 2205 1688 2295 ipsos
1727 2201 2036 2290 e'oncordmrimus,

500 2311 775 2404 composuimus,
824 2308 1064 2380 diiilniuimus
1109 2313 1145 2380 et
1180 2309 1337 2380 totaliter
1374 2312 1649 2382 terminauimus
1688 2311 1756 2382 sub
1794 2311 1867 2403 hijs
1905 2311 2039 2397 uerbis,

499 2419 643 2504 scilieet,
673 2417 864 2510 quodiam
887 2418 1092 2490 nominatus
1115 2415 1269 2489 Methias
1303 2415 1376 2488 Dee
1378 2417 1515 2490 thraicb
1546 2417 1592 2490 ad
1614 2439 1721 2490 suurn
1745 2423 1886 2492 tenetur
1910 2439 2037 2510 agrum

499 2528 628 2600 reuerti
663 2531 699 2598 et
732 2527 864 2618 ipsum,
900 2529 940 2596 ut
962 2527 1062 2617 prius
1097 2524 1224 2596 habuit
1262 2528 1299 2596 et
1333 2525 1452 2610 coluit,
1428 2525 1659 2652 tpossidere
1694 2533 1730 2599 et
1764 2529 1883 2618 quiete
1907 2532 2038 2613 tenere,

501 2632 802 2726 quemadmodum
833 2634 942 2705 vieini
973 2637 1097 2704 tenent
1126 2633 1235 2704 ceteri
1264 2617 1447 2718 inibidem,
1480 2655 1545 2706 seu
1576 2635 1697 2727 ipsum
1728 2634 1883 2707 vendere
1917 2641 2037 2728 potest

498 2741 696 2814 seeundum
718 2741 982 2834 beneplacitum
919 2760 1071 2812 umsue
1093 2740 1304 2822 voluntatis3
1328 2739 1495 2814 domium
1518 2762 1602 2814 vero
1626 2742 1738 2816 abbas
1762 2741 1879 2814 eidem
1901 2742 2035 2815 hleihle

498 2849 683 2952 [teeti-rich
701 2853 839 2942 septem
853 2848 1010 2922 fertones
1032 2851 1071 2920 ιιι
1095 2851 1251 2920 currenti
1273 2853 1418 2921 moneta
1440 2852 1673 2943 pecuniarum
1697 2870 1781 2922 curn
1803 2857 1882 2922 octo
1904 2849 2037 2944 modijs

498 2978 562 3032 seu
585 2959 763 3032 mensuris
790 2957 1010 3048 hyemalium
1030 2957 1292 3028 immentorum
1316 2954 1417 3029 dabit
1431 2959 1470 3028 ln
1485 2977 1614 3050 ugrum
1636 2957 1837 3051 predictum
1861 2956 1908 3031 ad
1931 2961 2036 3030 semi·

498 3065 667 3152 nandum,
701 3085 811 3138 snam
843 3083 1003 3138 maroam
1038 3063 1139 3137 dabit
1173 3063 1290 3137 eidem
1323 3063 1458 3137 blethle
1493 3064 1660 3136 dominus
1695 3065 1807 3138 abbas
1840 3065 1886 3138 ad
1921 3069 2038 3140 saneti

498 3169 680 3246 Michaelis
715 3177 751 3246 et
787 3178 869 3244 tres'
894 3173 1051 3246 fertones
1087 3171 1134 3246 od
1165 3175 1282 3246 sancti
1316 3173 1460 3244 blurtinl
1493 3172 1604 3246 llesta
1633 3175 1793 3267 proxime
1822 3178 1977 3273 ¹venturo
2001 3178 2038 3246 et

499 3301 581 3354 eum
603 3281 671 3354 hoc
694 3279 790 3354 idem
814 3279 981 3354 dominus
1004 3281 1116 3353 abbas
1140 3281 1431 3374 sepenominatus
1455 3279 1626 3354 mandare
1653 3280 1766 3354 iaciat
1779 3283 1856 3354 suis
1881 3282 2037 3355 emethe-

499 3389 604 3462 nibus
638 3409 766 3481 egmrn
799 3388 1001 3482 predictum
1034 3388 1169 3461 Mathia
1203 3387 1415 3461 Daethraioh
1450 3407 1551 3462 arare
1574 3387 1621 3460 ad
1646 3390 1813 3478 hyemem
1840 3409 1924 3462 cum
1956 3395 2038 3462 octo

499 3499 640 3584 matrim
673 3500 823 3590 insuper
844 3495 1009 3569 dominus
1040 3496 1152 3570 abbas
1176 3518 1200 3569 a
1221 3497 1403 3569 solucione
1438 3516 1568 3568 census
1599 3499 1685 3568 enni
1715 3500 1892 3590 presentis
1916 3499 2037 3592 ipsum

498 3603 670 3678 blathlem
691 3604 845 3677 libemm
868 3605 1002 3678 dimitti
1023 3603 1139 3676 debet.
1186 3604 1246 3678 Sic
1268 3624 1353 3695 ergo
1376 3623 1504 3698 pacem
1531 3607 1626 3684 inter
1653 3603 1833 3697 predictas
1855 3611 1977 3699 partes
2001 3611 2038 3678 et

498 3713 656 3806 ipsorum
686 3733 912 3786 successores
940 3715 1144 3796 statuimus,
1180 3719 1393 3806 perpetuum
1421 3713 1610 3785 silencium
1646 3716 1699 3784 eis
1721 3731 1786 3807 pro
1809 3714 1976 3786 omnibus
2000 3719 2039 3786 et

498 3821 648 3912 singulis
678 3821 1023 3894 contraieoeionibus
1039 3821 1094 3909 (ι),
1126 3820 1250 3893 litibus
1280 3827 1317 3893 et
1350 3823 1512 3913 negoeh's
1541 3823 1721 3892 uniuersis
1751 3823 1969 3914 imponimus
2001 3831 2038 3894 et

490 3931 617 4002 omnia
639 3927 800 4022 predicta
821 3933 916 4002 inter
944 3931 1041 4022 ipsos
1072 3933 1110 4000 et
1135 3931 1296 4022 ipsomm
1318 3949 1524 4002 sucessores
1548 3929 1809 4002 mortificemus
1823 3984 2035 4003 ..........

498 4036 648 4110 nichilo
660 4092 976 4112 ...............
1010 4037 1069 4109 uel
1092 4035 1404 4108 determinandum
1426 4039 1465 4108 ιιι
1487 4041 1672 4130 posterum
1694 4037 1946 4127 relinquentes,
1982 4039 2037 4110 sle

461 4187 468 4220 ι
499 4144 593 4234 quod
614 4151 741 4220 neutm
763 4165 847 4240 pars
872 4145 1021 4218 alteram
1043 4164 1108 4238 per
1130 4165 1170 4216 se
1193 4144 1250 4216 vel
1273 4164 1338 4237 per
1360 4165 1446 4218 suos
1470 4145 1608 4235 sliquos
1632 4143 1822 4217 molestare
1844 4151 2036 4239 posset...

450 4271 453 4278 ’
499 4303 1058 4328 ..........................
1082 4254 1337 4346 suprascripta.
1382 4253 1424 4325 ln
1447 4254 1550 4324 euius
1572 4254 1625 4324 rei
1647 4253 1895 4326 testimonium
1917 4253 2036 4345 sigilla

499 4365 619 4504 nostra
641 4367 677 4435 et
700 4363 857 4436 ciuitatis
879 4363 1013 4436 Peneos
1035 4349 1262 4488 presentibus
1285 4366 1371 4433 sunt
1395 4381 1563 4454 appensa
1592 4361 1811 4433 Actumet
1833 4361 2035 4434 datum...

500 4519 1043 4544 .........................
1003 4471 1113 4542 eia
1134 4468 1230 4541 inire
1252 4473 1400 4541 octenos
1424 4468 1632 4541 Natiuitatis
1655 4467 1776 4554 lilerio,
1806 4449 2035 4563 presentibus

498 4579 799 4672 quamplurimis
829 4581 923 4651 terre
960 4576 1138 4650 nobilibus
1173 4581 1210 4648 et
1249 4575 1330 4669 alijs
1361 4575 1566 4667 iidedignis,
1608 4595 1701 4649 anno
1740 4577 1886 4652 Domini
1925 4577 2036 4649 millo·

498 4683 588 4758 simo
603 4685 739 4760 OGCGi
2101 4719 2105 4728 ·

656 4883 795 4959 orygem
813 4885 1030 4960 μιςωιωη,
1050 4901 1073 4942 ι
1092 4883 1259 4957 „seruam
1277 4883 1438 4955 enorme,
1455 4853 1611 4940 „aad
1629 4895 1654 4940 n
1685 4881 1828 4942 suenus
1854 4883 1936 4942 elren
1956 4883 2034 4942 «ιιι.

498 4971 579 5028 ureb
606 4972 857 5048 uiedoodezyteuis
879 4973 1068 5047 muodzony,
1096 4973 1296 5049 preeobowuny
1315 4992 1340 5031 ιι
1364 4974 1514 5030 biblioteee
1538 4971 1582 5030 br.
1601 4971 1799 5046 Rucayriskieb
1825 4992 1851 5032 ιι
1880 4975 2037 5044 Poemenis,

498 5068 647 5138 ομιιιιωι
666 5065 715 5138 byl
734 5065 895 5138 piemotnio
913 5072 1050 5121 estererne
1068 5065 1257 5138 pieezeeiomi,
1275 5082 1312 5121 ιιι
1331 5063 1455 5138 pusiselr
1469 5062 1715 5137 purgeminowpcb
1734 5065 1952 5134 animemini,
1971 5063 2034 5122 kid-

385 5145 387 5148 ’
499 5149 567 5219 rpeh
581 5153 739 5227 wyekieh
755 5153 815 5212 deiri
834 5153 913 5211 bruk.
