4706 6356
269 543 314 620 ol

279 741 354 812 iure
377 729 507 804 debere
529 727 700 820 reuerti?
722 731 797 806 Nos
818 691 903 806 uero
926 735 1104 827 potestate
1126 700 1354 806 armandam
1381 754 1445 828 per
1470 734 1650 829 prelatum
1673 733 1815 810 Sandai-

280 843 428 934 uogium
451 837 622 912 iamdicto
645 839 780 912 Mathis
809 841 919 914 iudici
947 841 1087 914 traditis
1111 847 1148 913 et
1182 861 1301 914 coram
1339 841 1441 915 nobis
1475 843 1644 937 probatis,
1678 862 1816 918 necnon

277 949 523 1039 recognicione
554 951 590 1020 et
620 948 844 1022 confessione
874 953 1061 1044 premissis
1091 949 1281 1040 diligenter
1313 953 1458 1024 attentis
1482 955 1608 1024 etrite
1638 949 1815 1039 admissis,

276 1055 454 1155 prefatam
476 1055 613 1128 villam‘
626 1057 798 1130 Wooorze
828 1064 912 1151 post
934 1058 1071 1131 obitum
1093 1061 1332 1150 prenominati
1356 1057 1584 1152 Sandziuogij
1610 1058 1658 1132 ad
1678 1059 1817 1134 nullum

277 1167 387 1240 abunt
417 1183 483 1237 seu
515 1163 614 1248 alios,
657 1169 884 1258 preterquam
916 1159 962 1240 ad
991 1166 1189 1259 predictam
1223 1186 1385 1240 mensam
1416 1168 1655 1260 episcopalem
1683 1166 1817 1240 Wladl·

275 1273 492 1348 slauieusem
516 1277 552 1344 et
575 1274 654 1344 eius
677 1275 896 1368 episcopum,
920 1277 982 1366 qui
1005 1273 1114 1346 luerit
1130 1265 1199 1367 'pro
1222 1279 1392 1366 tempore,
1415 1277 1593 1368 pertinere
1616 1280 1653 1348 ct
1674 1275 1817 1349 deuolui
1854 1336 1858 1345 .

276 1381 405 1454 debere
448 1379 685 1466 declaramus,
732 1382 885 1456 dicimus
923 1387 960 1456 et
994 1381 1233 1476 approbamus
1279 1386 1461 1476 perpetuis
1497 1382 1716 1476 temporibus
1752 1403 1817 1478 per

278 1487 431 1562 eundem
466 1489 675 1582 episcopum
710 1489 1049 1564 Wladislauicnsem
1081 1495 1119 1561 et
1152 1510 1237 1563 suos
1272 1510 1497 1562 successores
1532 1511 1615 1562 curn
1652 1491 1816 1564 omnibus

278 1595 440 1668 eiusdem
462 1597 547 1669 ville
569 1598 720 1684 iuribus,
743 1598 925 1692 dominijs,
948 1597 1223 1692 preprietetibus
1248 1603 1283 1671 et
1305 1599 1538 1692 pertinencijs
1553 1597 1816 1692 possidendam.

280 1705 415 1778 Harum
439 1704 570 1796 qulbus
594 1707 754 1796 sigillum
776 1712 941 1780 nostrum
957 1725 1156 1800 appensum
1171 1711 1228 1778 est
1242 1708 1445 1780 testimonio
1468 1707 1663 1778 literarum.
1685 1707 1818 1779 Actum

280 1817 318 1884 et
350 1811 475 1884 datum
510 1817 548 1886 ln
582 1813 709 1887 queni
741 1813 979 1888 Wladislauia
1010 1814 1100 1886 faria
1133 1817 1258 1904 quinta
1291 1817 1453 1907 proxima
1486 1817 1568 1907 post
1602 1812 1817 1886 dominicum

276 1919 520 1994 Misericordia
551 1921 699 1996 Domini
739 1943 832 1996 anno
867 1921 1029 1995 eiusdem
1064 1922 1254 1994 millesimo
1296 1921 1647 2014 quadringentesimo
1681 1924 1816 2013 quarto.

277 2028 507 2102 Presentibus
529 2029 661 2102 validis
690 2029 846 2104 Iohanne
875 2030 1033 2121 Liganaa
1061 2029 1294 2115 lanciciensi,
1324 2028 1460 2103 Mathia
1493 2028 1665 2102 Mocauda
1694 2029 1818 2104 Gnew·

278 2139 438 2209 couiensi
460 2138 641 2230 palatinis,
664 2137 821 2210 Iohanne
843 2137 889 2210 de
913 2141 1146 2210 Tolrbolrlwroc
1170 2137 1385 2224 Calissicnsi,
1409 2137 1602 2210 leschoone
1620 2136 1665 2210 de
1679 2139 1819 2228 Grubm

277 2243 529 2318 Cruewicisnsi
552 2249 590 2318 et
610 2246 757 2318 Alberto
781 2245 1085 2333 Caminecensi(sl
1115 2245 1329 2330 castellanis,
1361 2248 1398 2317 et
1420 2245 1502 2338 alijs
1526 2243 1828 2338 quampluribus

282 2356 415 2426 nostris
437 2352 607 2426 fidelibus
632 2353 783 2426 dilectis.
830 2353 965 2428 Datum
979 2373 1052 2448 per
1074 2373 1204 2426 manus
1232 2352 1449 2426 honorabilis
1473 2352 1620 2437 Nicolal,
1650 2353 1821 2446 prepositi

257 2537 264 2546 ,
276 2461 605 2644 Ῑιίἑι)ιιιίι8ιι(ωὶὲἱοιίῗαιιὶΙ
638 2465 675 2534 et
713 2463 875 2536 canonici
914 2460 1171 2547 Cracouicnsis,
1215 2464 1317 2552 regni
1361 2460 1504 2539 Polouie
1536 2459 1818 2552 vicecancellarii

439 2821 519 2881 ueta
536 2821 751 2882 Numeriem
768 2822 805 2881 10
820 2819 860 2884 N.
878 2823 924 2880 lt.
1064 2849 1070 2858 ·

443 3055 607 3130 *ΝΜ
625 3054 690 3112 wisi
707 3053 813 3129 niegdy
831 3073 856 3114 v
874 3055 1007 3130 powieoie
1023 3055 1253 3129 gnievkoorskirn
1270 3055 1414 3133 polotone.

443 3147 466 3218 ¹)
483 3145 522 3205 W
539 3144 619 3224 kcpti
637 3139 745 3222 mylnie
763 3144 1021 3219 „teodemundi

283 3695 340 3764 52.
390 3692 487 3762 1404.
511 3687 570 3760 die
592 3692 647 3761 23.
672 3691 807 3760 mensis
828 3689 974 3782 Aprilis,
997 3691 1037 3762 in
1059 3692 1194 3762 Kobe.

452 3941 646 4013 Decretum
679 3939 904 4033 quorundam
939 3942 1152 4014 arbitrorum
1184 3941 1277 4014 inter
1306 3939 1536 4013 catharinam
1570 3936 1615 4010 de
1637 3937 1826 4027 &sodoma

284 4053 322 4122 et
343 4049 548 4143 Philippum
573 4049 793 4122 avunculum
817 4053 895 4123 eius
918 4051 1019 4124 litem
1043 4049 1224 4123 dirimens.

448 4301 488 4372 n.
511 4300 686 4374 Derslaus
719 4301 764 4376 de
795 4305 983 4389 Oczonaob,
1019 4301 1184 4376 Grzimko
1216 4301 1261 4374 de
1294 4303 1514 4373 Ooibsiedsco
1547 4301 1648 4392 parte
1675 4296 1829 4390 Philippi

289 4409 334 4481 ab
357 4429 440 4494 rna,
471 4414 508 4481 et
528 4408 656 4482 Iacako
681 4413 805 4484 consul
829 4418 866 4484 et
889 4415 980 4485 ciuis
1013 4411 1223 4484 Kalisiensis
1257 4414 1294 4482 ct
1324 4408 1493 4482 Nicolaus
1517 4406 1762 4481 Caeszonczicn
1785 4404 1831 4476 de

288 4522 483 4606 Gaionatis,
508 4523 754 4611 procuratores
777 4521 973 4594 Katharine
997 4521 1072 4592 iilia
1090 4519 1231 4590 Derslai
1255 4517 1299 4589 de
1315 4520 1507 4603 Grzibowo,
1531 4519 1631 4608 parte
1648 4512 1692 4586 ab
1708 4513 1829 4597 altera,
1898 4507 1901 4516 “

294 4629 420 4718 czynia
445 4625 533 4718 jairo
564 4621 757 4715 sedniowie'
782 4629 986 4722 polubowni
1016 4629 1251 4719 naslepujaca
1282 4625 1469 4718 pomiedny
1497 4625 1636 4696 obiema
1658 4623 1831 4694 stronami

292 4733 425 4824 ugodc:
471 4731 675 4824 Katamyna
703 4740 871 4830 usteprp'e
901 4737 1063 4830 Filipowi
1088 4737 1231 4827 wujowi
1247 4727 1250 4732 ’
1265 4755 1401 4805 swemu
1432 4732 1511 4820 cale
1537 4750 1614 4817 swa
1643 4732 1743 4816 orest
1764 4731 1833 4800 wsl

270 4845 444 4929 Goloelci
468 4843 517 4913 W.
533 4847 556 4924 ²)
579 4861 622 4914 aa
645 4865 685 4914 co
710 4847 908 4938 otraymuje
931 4844 1013 4917 dwa
1036 4845 1120 4935 lany
1136 4864 1191 4914 we
1213 4845 1280 4913 usi
1307 4843 1493 4913 Boczlsowo
1503 4845 1528 4925 ¹)
1550 4841 1563 4910 i
1588 4840 1631 4909 10
1653 4839 1834 4928 gnysien

288 4949 507 5044 napisanych
536 4971 584 5022 na
613 4951 826 5040 Galazkach,
859 4975 908 5026 na
930 4953 1159 5046 wykupienie
1184 4951 1342 5043 jednego
1365 4949 1451 5021 lanu
1474 4967 1508 5018 w
1531 4943 1739 5017 Boczlrowic
1763 4945 1833 5038 pod

289 5057 523 5142 warunkiem,
555 5058 625 5150 aby
647 5059 721 5150 gdy
744 5059 909 5132 dorosnie
938 5065 951 5133 i
982 5060 1121 5154 pojdzie
1152 5080 1194 5133 aa
1225 5062 1303 5148 mai
1335 5077 1356 5130 a
1386 5076 1462 5129 owe
1485 5054 1566 5127 dua
1597 5045 1682 5143 lariy
1710 5052 1835 5142 bedzie

289 5167 429 5240 chciala
458 5166 601 5258 pozbyo,
631 5168 862 5241 uuiadomila
892 5189 913 5241 o
943 5175 1017 5241 tem
1047 5169 1171 5261 Filipa,
1195 5168 1301 5258 ktdry
1331 5166 1475 5256 dawszy
1500 5164 1551 5254 jej
1576 5160 1720 5266 uedlug
1742 5181 1835 5254 zwy-

288 5279 392 5366 ozaju
431 5273 700 5364 szlacheokiego
744 5277 934 5368 celeriano
969 5281 1014 5351 35
1031 5279 1230 5368 propulere
1264 5294 1392 5366 grosnp
1429 5267 1614 5344 snorokich
1652 5268 1834 5360 praskich,

290 5383 413 5470 bodalo
453 5383 549 5471 mogi
588 5383 656 5454 oba
692 5383 777 5474 lany
813 5388 1016 5475 natraymud
1055 5405 1211 5477 prawem
1251 5381 1557 5477 pokrewier'rstwa.
1605 5375 1731 5467 Gdyby
1773 5379 1834 5451 aad

289 5497 380 5589 silip
411 5491 804 5586 pieniedaytych11nla
842 5494 958 5568 chcial
981 5495 1165 5591 wyplacit,
1201 5490 1319 5586 utedy
1353 5491 1553 5582 llatarayna
1586 5485 1684 5558 mode
1713 5503 1835 5580 rozpo

2025 717 2164 820 raadald
2186 717 2256 804 obn
2285 728 2344 801 lun

2026 841 2147 912 nicam
2168 837 2328 912 lubilate.

2191 1035 2277 1094 rane

2194 1215 2302 1290 ι)0,

2193 1306 2334 1380 ’)ι,,

2033 1707 2089 1778 ue.
2137 1685 2317 1776 troadis
2348 1748 2353 1757 ι

2199 1898 2350 1974 Wladlsl

1967 2096 1971 2104 ¹
2036 2012 2138 2102 glum
2160 2011 2200 2082 in
2222 2011 2338 2080 castro

2038 2117 2191 2210 singulis
2214 2118 2345 2209 septim

2202 2311 2341 2386 Wledis

2043 2430 2080 2497 ct
2100 2422 2205 2497 heres
2228 2423 2347 2496 Russl

2041 2534 2168 2616 uersis,
2199 2533 2284 2622 quia

2045 2643 2279 2731 augmentum
2302 2657 2353 2709 ιιι

2042 2746 2189 2820 laudern
2210 2746 2278 2819 Dei
2301 2743 2346 2816 de

1915 2918 1925 2934 .
2042 2863 2084 2928 vt
2104 2857 2237 2929 nostris
2260 2876 2278 2926 s

2043 2963 2188 3036 domina
2217 2963 2325 3034 Anna

2045 3075 2169 3146 nostra
2192 3089 2299 3143 conso
2342 3100 2349 3131 ·-

2045 3183 2103 3252 nis
2133 3180 2285 3264 accensi,
2319 3197 2339 3247 c

2045 3287 2211 3359 omnibus
2246 3289 2333 3358 ets

2047 3393 2257 3480 Gnesnensl,
2280 3392 2352 3494 resi

2048 3523 2133 3574 sura
2153 3501 2272 3573 brunei
2296 3499 2352 3570 sin

2039 3612 2152 3700 ,equis
2174 3606 2338 3689 trahitur,

1918 3711 1926 3723 '
2015 3783 2017 3788 .
2051 3707 2219 3788 duximus
2241 3713 2346 3806 proni

2053 3823 2207 3914 singulis
2230 3818 2311 3890 dieb
2342 3848 2351 3877 ε

2052 3935 2178 4002 nostra
2211 3945 2319 3999 conso

2054 4041 2143 4128 gent
2165 4040 2203 4108 et
2225 4031 2353 4105 celebr

2055 4143 2235 4216 tatoribus
2270 4141 2307 4210 et
2346 4166 2353 4195 ·.

2058 4249 2223 4324 eiusdem
2246 4244 2353 4342 mole·

2060 4359 2160 4429 tanei
2191 4354 2275 4442 (vel)
2305 4368 2348 4442 pr

2062 4463 2245 4554 regalibus
2269 4457 2327 4529 da'

2067 4571 2199 4659 Georgi
2221 4563 2353 4659 predic

2065 4677 2190 4749 brunei
2226 4671 2345 4761 singul

2068 4782 2251 4877 sponderi,
2285 4799 2343 4850 om

2071 4891 2250 4962 duntaxat
2280 4886 2352 4957 ben

2072 4999 2213 5070 Harum
2236 4993 2321 5086 quib

2074 5105 2222 5178 Gneune
2253 5105 2332 5196 ipso

2073 5215 2171 5288 simo
2197 5215 2333 5306 quarto.

2239 5397 2352 5470 ‘mansu
