4448 6210
187 496 190 501 ·
206 450 274 536 238

154 746 157 750 ι
314 697 317 704 ·
371 659 703 747 „Reuerendlsslme
733 661 770 733 fn
803 660 943 735 Christo
979 666 1089 756 pater,
1124 664 1239 735 amice
1272 659 1470 736 carissime!
1516 655 1721 763 Animatus,⁸
1857 728 1887 774 .,

207 769 330 853 ,sione
360 767 501 840 solicita
524 774 559 840 et
582 789 669 842 carra
692 773 870 843 constanti
898 771 1048 843 ecclesie
1073 771 1303 856 (lucanensis,
1339 791 1408 862 que
1430 769 1544 844 titulis
1575 777 1645 855 tam
1665 813 1722 884 pra
1857 826 1898 876 .,.
1941 792 1948 809 ·

207 877 334 961 „elaris
366 875 561 966 insignitur
590 882 626 949 et
648 880 686 950 in
709 897 820 968 regno
850 882 971 951 nostro
1003 882 1225 972 prestaucior
1259 881 1353 951 inter
1386 898 1511 950 omnes
1544 883 1722 979 perbibere,-
1859 878 1865 889 ’

208 983 411 1070 ,ecclesias
436 987 490 1054 tot
504 984 693 1078 dispendia
709 985 992 1078 contemplantes
1008 988 1196 1059 imminere
1218 992 1363 1080 propter
1386 986 1584 1060 absentiam
1606 1013 1721 1084 canam.
1862 982 1914 1091 s„·
1936 1062 1945 1093 ‚

210 1109 354 1177 ,comm
379 1092 466 1177 eius,
499 1094 621 1183 quiin
644 1092 748 1166 bonfs
772 1093 918 1186 capItuli
943 1093 1093 1166 ecclesie
1116 1093 1285 1187 predicte,
1317 1095 1406 1187 Ipsis
1430 1091 1626 1171 distributis
1649 1128 1723 1187 man.
1870 1140 1890 1201 ιζ

210 1200 350 1284 ,siones
373 1199 557 1287 eligentes,
594 1203 690 1273 eirca
722 1203 840 1293 ipsam
872 1201 1062 1293 negligunt
1094 1201 1260 1287 residere,
1294 1220 1446 1293 quorum
1479 1210 1654 1293 presentia
1672 1225 1724 1298 sit,
1863 1180 1880 1207 u
2010 1209 2017 1226 '

210 1325 405 1396 ,magnum
429 1306 593 1380 decorem
624 1312 800 1402 prestaret
822 1313 859 1381 et
880 1309 1091 1403 profectum.
1139 1309 1379 1399 Quamobrem
1409 1310 1503 1381 bona
1531 1312 1681 1403 predicta
1699 1323 1725 1404 u
1870 1380 1892 1415 ,

211 1425 461 1500 ,communem
485 1436 592 1488 usum
615 1416 852 1489 refectionum
876 1420 1140 1501 canonicorum,
1164 1421 1225 1510 qui
1242 1421 1338 1489 circa
1352 1415 1550 1510 predIctam
1564 1422 1724 1506 ecclesian,
1866 1456 1891 1523 ιι·
1933 1437 1958 1507 g·
1982 1484 1990 1514 ‚

210 1519 464 1607 „residentiam
488 1524 605 1596 iacere
627 1524 816 1610 noluerint,
849 1528 1153 1618 comportauimus
1181 1530 1218 1597 et
1240 1525 1366 1597 usibus
1391 1523 1576 1596 dumtaxat
1597 1535 1726 1613 resideo
1896 1600 1903 1625 ,

212 1631 325 1715 ,tium
348 1633 602 1704 canonicorum
625 1631 851 1704 decreuimus
879 1652 1016 1724 rogare,
1047 1639 1088 1704 ut
1118 1635 1320 1706 communis
1349 1631 1486 1704 uillitos
1515 1634 1649 1724 priuata
1670 1663 1728 1734 pn.
1874 1670 1895 1725 ,·
1931 1655 1938 1672 ·

210 1734 369 1823 ,feratur
405 1743 442 1810 et
465 1737 560 1811 dicte
592 1740 742 1812 ecclesie
778 1741 940 1812 canonici
963 1739 1087 1834 perid
1110 1743 1149 1812 in
1171 1760 1216 1813 ea
1237 1738 1394 1812 residere
1426 1745 1636 1814 moueantur
1656 1749 1728 1839 ipsa.
1874 1724 1884 1739 ’

96 1862 100 1869 ·
211 1862 303 1935 ,quc
327 1845 480 1918 ecclesIa
502 1851 577 1920 tarn
607 1847 743 1925 salubri
775 1847 978 1938 frequentia
1000 1851 1135 1941 stipata
1162 1867 1396 1942 personarum
1426 1846 1545 1938 dignis
1574 1861 1728 1951 preconij.

211 1951 443 2037 „extolllatun
492 1954 627 2027 Verum
650 1954 754 2027 nobis
777 1957 943 2041 innotuit,
966 1955 1144 2046 quomodo
1168 1954 1322 2047 quedam
1345 1955 1440 2027 bona
1457 1958 1494 2026 et
1508 1961 1729 2047 possessione

213 2079 359 2145 „mense
381 2063 512 2153 prefati
536 2063 683 2156 capituli
703 2061 841 2135 dudum
863 2062 901 2134 P.
916 2085 951 2134 r.
972 2085 995 2135 a
1017 2062 1109 2136 Sede
1132 2063 1328 2157 apostolica
1349 2063 1485 2134 obtinet
1506 2064 1686 2155 impetrata
1704 2090 1730 2143 ιι

211 2168 318 2258 ,quia
347 2171 386 2240 fn
416 2169 638 2243 confectione
667 2175 744 2243 tam
767 2172 818 2264 pij
848 2172 975 2264 operis,
1011 2171 1073 2243 ubl
1096 2190 1160 2265 pro
1182 2171 1263 2243 utili
1297 2170 1392 2242 dicte
1426 2169 1585 2270 ecclesie⁸
1606 2178 1731 2248 cornod.

212 2274 449 2369 ,prouidetun
487 2280 568 2371 ipsa
599 2278 636 2349 P.
660 2299 694 2349 v.
719 2277 843 2350 redere
873 2298 913 2349 se
935 2282 1078 2351 tenetur·
1100 2298 1296 2372 operosam,
1321 2298 1430 2368 quam
1453 2276 1498 2349 ad
1521 2276 1588 2348 boo
1610 2289 1730 2354 uocauit

211 2381 346 2469 ,diuini
385 2386 523 2478 oonsilu
565 2384 715 2458 altitudo
754 2388 792 2457 et
828 2388 866 2457 ln
900 2389 1000 2458 tante
1034 2386 1219 2477 dignitatis
1255 2386 1441 2458 coasdtmt
1467 2387 1731 2472 summitatem

128 2568 131 2576 ,
212 2493 467 2577 ,ecclesiamm
489 2493 708 2587 profectibus
739 2493 941 2565 intenderet
963 2498 999 2566 et
1029 2493 1224 2593 eorundem
1247 2493 1455 2565 discrimina
1485 2490 1648 2565 omnibus
1668 2498 1733 2569 riri·

176 2598 299 2686 ,bus
342 2606 574 2686 ammorieret,
620 2622 691 2693 quo
736 2604 833 2673 eirca
865 2601 902 2673 P.
937 2608 994 2697 af
1008 2602 1136 2673 obnixe
1174 2603 1331 2694 petimus
1369 2593 1408 2672 fn
1445 2597 1630 2709 dffiideffds.
1664 2601 1733 2674 obli·

212 2712 385 2793 ,,ιιιιιιιε,4
409 2713 586 2799 quatenus
624 2708 719 2781 bona
756 2710 904 2802 capituli
946 2709 1107 2802 predicti,
1141 2708 1309 2781 ridelicet
1347 2710 1507 2791 Porliao,
1537 2698 1677 2778 Reriiao
1707 2725 1731 2778 u

214 2816 450 2903 ,Wopoczc‘ao
475 2820 616 2888 contem
639 2817 807 2910 piationis
828 2823 948 2889 nostre
985 2823 1022 2889 et
1059 2820 1316 2910 premissorum
1338 2817 1470 2888 intuitu
1496 2814 1615 2886 uelitis
1638 2814 1737 2887 dimit·
1786 2835 1789 2841 ’

215 2928 320 3009 ,tere
357 2927 399 2996 ut
422 2927 459 2995 in
484 2929 616 2996 sortem
641 2945 869 2998 communem
901 2944 965 3018 pro
996 2925 1191 2998 residentia
1219 2924 1382 3018 proflare
1409 2923 1531 2995 multis
1566 2922 1658 2994 fruct
1678 2978 1685 2992 .
1702 2978 1736 2994 ..

215 3031 394 3123 „protecte
433 3033 583 3104 ecclesie
622 3032 783 3117 abutare,
822 3031 1007 3125 deputare,
1039 3053 1108 3124 que
1144 3032 1192 3104 ad
1220 3037 1365 3104 tantum
1399 3035 1495 3102 sunt·
1517 3029 1678 3114 desolate,
1706 3039 1736 3100 ut

215 3141 305 3226 „nisi
338 3141 498 3233 Ipsorum
535 3141 774 3212 incolumitati
805 3143 1021 3234 tempestiue
1055 3146 1294 3226 succurratur,
1324 3140 1426 3211 breui
1462 3158 1631 3211 successu
1666 3143 1737 3209 tam·

214 3248 331 3341 ,porfs
354 3251 552 3320 extremam
574 3251 723 3320 minam
746 3251 929 3341 patientur
961 3253 997 3320 et
1030 3254 1106 3320 tam
1136 3249 1288 3321 ecclesie
1315 3246 1482 3341 premere,
1517 3266 1624 3338 quam
1646 3245 1680 3316 P.
1711 3263 1737 3314 ι·.

218 3355 337 3443 ,nulla
358 3356 496 3427 utilitas
521 3376 563 3426 ex
587 3358 639 3427 als
663 3355 887 3442 redundabit,
912 3377 998 3430 nam
1022 3364 1058 3429 et
1082 3359 1190 3429 ceteri
1213 3357 1307 3428 bona
1329 3354 1478 3450 predicti
1502 3353 1656 3455 capituli,
1682 3371 1739 3442 que

219 3484 466 3555 ,quocumque
496 3466 573 3557 iure
596 3468 633 3536 et
656 3464 760 3537 tltulo
783 3464 1025 3557 possidebant,
1052 3463 1098 3536 'ut
1121 3469 1207 3538 vota
1228 3466 1319 3536 tanti
1349 3463 1432 3535 boni
1462 3467 1623 3554 optatum
1644 3459 1738 3531 finem

217 3574 441 3657 „sortiantur
473 3572 641 3643 manibus
671 3574 804 3662 nostris
833 3572 1057 3658 dimiserunt,
1089 3572 1184 3664 quod
1214 3578 1251 3645 et
1279 3572 1316 3643 P.
1340 3592 1373 3642 r.
1405 3569 1581 3642 facturam
1611 3567 1741 3640 minime

218 3677 482 3772 „desperamus
518 3682 557 3751 in
589 3700 659 3770 quo
683 3679 787 3752 nobis
811 3686 913 3770 grate
952 3682 1107 3753 multum
1141 3685 1178 3753 et
1213 3686 1357 3772 accepte
1387 3679 1602 3750 sinceritatis
1632 3672 1742 3746 inditia

219 3786 442 3874 ,ostendens
466 3807 529 3879 pro
552 3788 685 3878 qulbus
699 3788 737 3858 P.
761 3809 795 3858 v.
811 3794 916 3879 grata
929 3790 1179 3861 uicissitudine
1193 3789 1360 3861 uolumus
1379 3784 1601 3879 respondere.
1624 3782 1741 3854 Datum

217 3894 407 3983 ,CracouIe
429 3894 525 3965 XIIII
548 3899 684 3967 mensis
707 3896 844 3988 lfarcij,
869 3917 962 3969 anno
984 3896 1131 3968 Domini
1152 3866 1404 3969 uicccexuii.
1452 3891 1666 3965 Wladislaus
1687 3884 1741 3956 uu

221 4005 363 4093 „gracia
385 4022 446 4073 rer
470 4002 613 4075 Polonie
643 4004 880 4095 Lituanieque
910 4008 1078 4098 princeps
1109 4024 1323 4097 suppremus
1347 4008 1383 4074 et
1405 4001 1508 4073 heres
1541 4000 1665 4072 Russie
1686 3998 1741 4064 etc.

221 4114 273 4196 ,A
287 4115 405 4201 tergo:
430 4109 742 4183 Reuerendissimo
759 4115 797 4183 in
813 4113 954 4185 Christo
978 4117 1072 4207 patri
1097 4113 1239 4185 domiuo
1263 4114 1305 4183 Α.
1331 4113 1455 4182 sanate
1470 4109 1627 4180 Romane
1648 4098 1742 4174 eccle

222 4221 295 4304 ,sie
319 4218 530 4308 dignissimo
548 4217 720 4291 cardinali
745 4220 935 4305 Landcusi,
961 4224 1077 4294 amico
1098 4225 1216 4293 uestro
1233 4220 1425 4309 singulari“
1452 4222 1488 4288 et
1510 4216 1577 4287 hoc
1595 4210 1744 4306 presente

218 4326 411 4398 venerabili
436 4327 512 4397 vlro
542 4325 690 4399 NIeolao
713 4329 888 4420 Breuissij
923 4332 1094 4401 canouteo
1119 4329 1316 4402 (iueznensi
1349 4347 1391 4398 ac
1416 4346 1472 4396 rue
1494 4325 1629 4396 notario
1653 4315 1744 4388 intra·

218 4437 349 4527 seripto
373 4434 600 4526 presentibus
632 4437 900 4527 stipulantibus,
932 4438 1186 4530 recipIeutilrus
1211 4442 1245 4508 ei
1269 4432 1536 4527 acceptantibus
1551 4429 1697 4507 flamini
1717 4425 1745 4484 ⁰²
1865 4466 1878 4475 ··
1975 4418 2004 4466 ⁸·

116 4537 120 4545 ’
220 4546 301 4614 uice
324 4542 418 4614 dicte
442 4541 592 4613 ecclesie
617 4542 839 4616 Gneanensis
864 4566 906 4616 ac
930 4548 1183 4617 eanouiromm
1206 4544 1353 4637 capItuli
1377 4540 1536 4613 elusdem
1560 4533 1745 4610 absentium

221 4670 263 4723 ac
285 4651 365 4722 uice
389 4654 425 4721 et
448 4652 592 4721 nomine
617 4653 810 4724 cuiuslibet
833 4654 980 4725 alterius
1004 4674 1165 4746 persone,
1197 4655 1298 4724 cuius
1327 4654 1474 4723 interest
1503 4646 1562 4719 uel
1591 4647 1747 4716 interesse

218 4761 348 4850 poterit
378 4757 645 4848 quomodolibet
675 4762 712 4830 in
743 4760 918 4846 futurum,
950 4764 1196 4833 renuntiantes
1227 4761 1423 4852 exceptioni
1454 4777 1524 4828 uon
1552 4755 1644 4825 facte
1666 4743 1748 4815 diiii

219 4868 513 4949 renuucIaciouis,
539 4870 723 4952 cessionis,
750 4870 974 4942 liberaciouis
991 4876 1027 4942 et
1043 4871 1274 4942 relaracIonis
1294 4868 1469 4939 dictamm
1489 4864 1652 4936 uillarum
1666 4851 1748 4969 dicte

219 4973 371 5045 ecclesie
405 4994 448 5045 ac
485 4994 608 5046 meuse
644 4978 792 5068 capituli
829 4978 989 5050 eiusdem
1026 4999 1070 5051 ac
1106 4981 1202 5050 omui
1226 4976 1423 5071 probationi
1447 4978 1482 5046 et
1505 4959 1696 5042 defensioni
1717 4968 1749 5022 ιιι

221 5083 447 5152 eontrarium.
496 5081 534 5152 ln
559 5103 710 5173 qrrorum
736 5089 896 5157 emulum
923 5092 958 5158 et
982 5089 1206 5177 singulorum
1230 5085 1338 5157 iidem
1365 5090 1400 5154 et
1423 5078 1661 5153 testinronIum
1685 5079 1750 5156 pro

222 5193 341 5259 sentes
380 5189 503 5260 literas
542 5212 607 5262 seu
647 5213 795 5284 presens
831 5198 1110 5267 instrumentum
1150 5195 1332 5289 publicum
1368 5185 1569 5263 hulusmodi
1605 5180 1749 5253 nostrum

222 5298 526 5368 renunciamncm
560 5304 596 5369 et
632 5302 887 5374 relaxatimrem
925 5306 962 5375 iu
995 5325 1034 5375 se
1066 5306 1287 5376 continentes
1322 5321 1385 5372 seu
1409 5299 1602 5375 continens,
1637 5270 1751 5356 ⁰¹1⁰*st

226 5403 305 5477 fieri
340 5408 376 5476 et
410 5425 474 5498 per
501 5406 734 5481 Ambrosium
749 5425 754 5436 '
770 5414 949 5484 uotarIum
983 5420 1146 5486 nostrum
1181 5412 1362 5507 publicum
1394 5404 1657 5494 infrascriptum
1680 5380 1752 5457 sub·
