4734 6356
277 709 362 762 vcro
397 689 547 762 terciam
579 690 619 762 ln
652 687 849 764 hereditate
881 711 963 764 men
998 691 1078 776 alla,
1101 690 1269 763 videlicet
1291 695 1410 763 iletre
1428 694 1670 764 ilioelorzeoc
1679 690 1719 782 ¹),
1743 711 1827 766 cum
1871 635 1881 650 ⁹

276 795 382 870 horto
403 797 516 869 libero
539 816 652 890 penes
676 801 864 890 antiquum
888 800 1114 890 cymiterium
1139 803 1177 870 et
1198 819 1308 891 prope
1332 801 1468 872 curiam
1492 800 1634 872 sculteti
1651 801 1827 886 malente,

277 905 356 998 lpse
378 909 416 976 et
438 907 495 976 sui
526 923 753 978 successores
784 909 863 980 sine
894 905 1151 1000 impedimento
1181 905 1292 978 libere
1322 907 1535 979 retinebuut.
1581 906 1720 980 Insulas
1743 927 1828 980 vero
1919 975 1922 984 ,

276 1011 457 1105 predictas
490 1031 574 1084 cum
608 1011 723 1086 hortis
756 1014 910 1105 singulis
945 1015 1050 1086 annis
1081 1015 1161 1104 ipse
1194 1009 1234 1086 et¹
1262 1015 1319 1086 sui
1344 1033 1573 1088 successores
1602 1033 1667 1108 per
1697 1033 1738 1087 se
1770 1015 1829 1088 vel

281 1119 371 1192 alios
394 1118 597 1192 secundum
631 1123 746 1214 ipsius
769 1115 826 1194 vel
848 1124 1009 1214 ipsorum
1043 1121 1217 1213 placitum
1248 1119 1419 1207 desirate,
1447 1121 1629 1194 eradicare
1658 1111 1696 1194 st'
1725 1125 1828 1194 extir-

277 1247 364 1320 pare
384 1226 532 1299 valeant
565 1246 609 1300 ac
645 1227 791 1301 easdem
824 1230 1010 1302 meliorare
1042 1231 1140 1300 omni
1173 1223 1428 1322 impedimento
1462 1229 1693 1322 proculmotc.
1737 1229 1828 1303 Itern

278 1332 387 1406 dcet
418 1335 563 1408 contero
594 1335 753 1430 predicto
778 1336 923 1408 domino
952 1335 1100 1409 Nicolao
1127 1339 1277 1426 suisque
1309 1337 1577 1410 successoribus
1600 1339 1639 1410 in
1661 1336 1828 1411 omnibus

279 1440 541 1514 hereditatibus
564 1445 666 1527 meis,
696 1443 799 1516 siluis
827 1448 864 1516 et
892 1443 1006 1520 burris
1037 1445 1115 1516 siue
1145 1444 1362 1529 nemoribus,
1392 1444 1608 1536 ubicumque
1631 1443 1679 1516 in
1692 1441 1829 1518 eisdem

279 1547 351 1620 sibi
373 1549 506 1638 eligere
535 1550 720 1642 placuerit,
752 1553 949 1642 nonaffinta
975 1550 1118 1622 arbores
1141 1571 1204 1643 pro
1229 1550 1424 1644 mellilicijs
1453 1552 1626 1638 valentes,
1649 1551 1830 1644 wlgarlter

198 1658 207 1671 '
280 1647 386 1728 borao
413 1655 531 1742 dictis,
554 1677 618 1752 pro
641 1657 795 1732 utilitate
813 1679 886 1732 sua
900 1667 1117 1748 suorumque
1131 1679 1396 1744 suceessorum
1420 1657 1515 1751 quod
1538 1662 1570 1732 sl
1591 1679 1665 1731 vna
1686 1659 1829 1732 illarum

237 1763 239 1766 ’
279 1766 454 1849 tonuerit
482 1763 539 1837 vel
562 1765 831 1850 annihilaretur,
861 1770 992 1838 extunc
1015 1765 1123 1838 uliam
1144 1766 1223 1839 loco
1247 1767 1343 1838 illius
1373 1767 1471 1839 licite
1492 1769 1624 1860 poterit
1645 1787 1710 1840 seu
1731 1769 1830 1860 pote·
1898 1761 1903 1768 ’

278 1872 352 1942 rint
374 1891 550 1964 reparare.
597 1871 748 1966 Insuper
776 1871 958 1968 sepedicto
988 1870 1133 1945 domino
1162 1871 1309 1945 Nicolac
1332 1879 1370 1946 et
1392 1877 1469 1946 suis
1492 1873 1760 1947 successoribus
1783 1871 1829 1948 do

279 1981 317 2050 et
339 1978 501 2052 conierro
531 1999 645 2052 vnum
674 1981 866 2054 macellum
895 1980 1047 2052 liberum
1079 1982 1118 2052 in
1147 1979 1306 2072 predicto
1340 1979 1480 2074 oppido,
1511 1980 1679 2054 videlieet
1705 1982 1830 2070 Opcle·

281 2105 396 2174 avae
420 2089 540 2176 quieta
562 2093 600 2159 et
628 2088 782 2188 pacifice
814 2087 858 2160 ab
882 2089 980 2160 omni
1003 2087 1200 2159 sulucionis
1231 2107 1338 2160 onere
1359 2087 1617 2180 possidendum
1647 2077 1683 2162 'st
1710 2088 1832 2162 labora

280 2195 410 2282 quouis
454 2199 672 2287 exemptum.
718 2193 885 2267 Ceterum
917 2193 1128 2267 sundssime
1162 2197 1201 2266 in
1232 2194 1306 2288 hiis
1343 2197 1486 2288 scriptis
1519 2195 1693 2269 conilrrno
1730 2215 1831 2290 sepe·

279 2299 376 2373 dicto
400 2299 545 2374 domino
566 2301 714 2375 Nicolao
744 2307 782 2374 et
810 2305 887 2374 suis
918 2302 1185 2375 successoribus
1215 2322 1358 2375 omnem
1386 2301 1622 2376 hereditatem
1650 2301 1698 2376 ad
1719 2303 1829 2376 eccle·

278 2409 374 2479 siam
405 2407 451 2479 ab
480 2411 639 2501 antiquis
669 2406 920 2482 fundatoribus
949 2413 1173 2501 spectantem
1197 2429 1241 2482 ae
1265 2410 1309 2508 ab
1333 2409 1470 2484 eisdem
1492 2413 1530 2482 ln
1554 2413 1631 2483 suis
1653 2411 1827 2484 limitibus

278 2515 483 2601 linritatarn,
516 2517 698 2607 wlgariter
724 2519 970 2606 poeuoottne,
1007 2515 1052 2589 ab
1085 2519 1163 2588 acie
1198 2519 1295 2590 curie
1329 2537 1395 2590 sue
1429 2516 1630 2591 inchoando
1661 2517 1830 2592 videlicet

281 2641 422 2712 agrum,
443 2622 568 2696 hortos
590 2627 629 2700 ‚ct
649 2628 795 2717 pratum
816 2629 854 2697 et
876 2625 948 2698 alia
969 2644 1110 2716 queque
1137 2624 1272 2699 ibidem
1299 2626 1596 2698 circurnlacencia
1618 2643 1640 2698 a
1662 2623 1828 2710 nuans,

279 2729 500 2804 transeundo
522 2751 589 2824 per
621 2735 807 2823 antiquam
828 2735 928 2804 viam
963 2731 1009 2804 ad
1042 2731 1279 2804 hereditatem
1310 2733 1557 2822 Ioatrzeboplet
1569 2736 1596 2821 ¹)
1634 2751 1748 2824 nsque
1783 2731 1829 2806 ad

277 2837 414 2909 limites
439 2839 610 2929 Wpraoap
636 2841 754 2912 domi.
799 2837 846 2912 Et
873 2837 941 2912 hec
969 2841 1090 2912 omnia
1112 2842 1321 2932 prescripta,
1348 2839 1516 2912 videlicet
1546 2857 1683 2931 agrum,
1706 2837 1829 2914 honos

278 2947 318 3017 et
351 2949 457 3038 prata
493 2947 573 3038 lpse
604 2951 641 3018 et
672 2949 730 3020 sul
763 2950 988 3020 successores
1022 2946 1119 3020 licite
1153 2951 1190 3020 et
1222 2947 1332 3020 libere
1365 2949 1443 3020 sine
1470 2947 1725 3040 impedimento
1749 2967 1829 3020 meo

278 3071 603 3144 successorumque
625 3073 787 3127 meorum
810 3053 980 3139 desicare,
1013 3055 1218 3127 exradicare
1246 3059 1282 3126 et
1305 3057 1481 3148 extirpare
1511 3073 1554 3128 ac
1576 3074 1621 3128 ea
1643 3055 1830 3128 meliorare

276 3160 460 3232 valebunt
507 3161 625 3249 Quare
647 3160 851 3256 sepedictus
883 3161 1050 3234 dominus
1077 3161 1246 3236 Nicolaus
1274 3165 1402 3254 suique
1429 3182 1654 3248 successores
1677 3161 1830 3254 singulis
1863 3151 1866 3158 ’

279 3267 410 3340 diebus
447 3268 647 3342 sabbatiuis
682 3289 792 3343 unam
824 3271 975 3342 missam
1010 3267 1057 3342 ad
1087 3269 1232 3342 laudem
1267 3273 1303 3342 et
1334 3269 1506 3343 honorem
1540 3269 1685 3342 Domini
1716 3272 1831 3342 nostrl

278 3375 387 3448 Ihesu
411 3375 545 3448 Christi
568 3380 604 3448 et
626 3379 777 3467 rtrginis
799 3377 921 3474 Maris,
945 3380 1070 3450 matris
1094 3381 1172 3449 cius
1195 3378 1359 3468 gloriose,
1383 3382 1419 3450 et
1434 3375 1603 3451 Omnium
1619 3377 1831 3450 sanctourm

279 3487 318 3554 et
340 3485 529 3582 presertim
553 3483 650 3557 beati
673 3483 807 3556 blathie
837 3484 988 3578 apostoli
1011 3489 1049 3557 et
1071 3486 1313 3575 ewangeliste,
1345 3485 1550 3578 specialiter
1577 3489 1700 3558 tamen
1722 3485 1832 3556 istam

284 3590 529 3662 venerabilem
552 3593 703 3696 missam
736 3591 863 3678 ,Salue
893 3597 1020 3664 sancta
1052 3591 1207 3665 Parens“
1241 3592 1298 3666 vel
1332 3613 1397 3686 pro
1431 3591 1534 3664 iestis
1558 3591 1776 3685 quibuslibet
1797 3595 1834 3663 et

278 3698 387 3770 beate
409 3699 520 3772 Maris
548 3701 699 3788 virginis
723 3701 873 3771 missam
896 3698 989 3771 resto
1014 3720 1210 3790 congruam
1241 3705 1386 3773 cantus
1413 3700 1470 3772 vel
1499 3700 1618 3790 legere
1641 3699 1831 3784 debebunt,

281 3810 320 3878 et
357 3807 511 3896 singulis
544 3805 677 3878 diebus.
702 3804 890 3879 dominicis
929 3805 1088 3894 Quatucr
1121 3813 1324 3900 temporum
1359 3806 1404 3880 de
1436 3807 1595 3899 quolibet
1628 3827 1721 3879 anno
1751 3825 1832 3878 sesa

281 3915 452 3986 continue
476 3913 721 4006 sequentibus,
744 3915 887 4004 vigilias
911 3913 956 3984 de
980 3913 1110 3988 Sancto
1135 3921 1171 3987 et
1193 3915 1285 3987 isria
1308 3914 1467 3987 secunda
1498 3917 1660 4008 proxima
1681 3915 1832 3988 nussam

280 4041 346 4114 pro
385 4021 565 4094 deirrnotis
599 4021 718 4112 legere
756 4021 815 4093 vel
845 4027 990 4094 cantare
1022 4041 1085 4114 pro
1125 4022 1314 4094 animabus
1344 4025 1551 4116 prescriptis
1581 4025 1655 4093 sint
1684 4024 1831 4116 astricti,

281 4128 533 4203 exhortacione
555 4133 678 4201 tamen
706 4127 753 4200 ad
783 4129 956 4222 populum
987 4130 1139 4220 singulis
1171 4131 1297 4202 diebus
1328 4131 1516 4202 dominicis
1547 4129 1689 4222 publice
1711 4127 1834 4212 fienda

169 4236 174 4245 '
281 4256 346 4330 pro
379 4237 496 4309 salute
542 4239 744 4308 animarum
780 4235 1023 4327 predictarum
1062 4236 1295 4309 deuotissime
1332 4236 1502 4309 studeant
1540 4240 1618 4309 sine
1655 4235 1834 4309 obliuoine

282 4345 456 4416 memorie
479 4341 741 4415 commendare,
786 4343 832 4415 Et
854 4345 887 4416 si
911 4343 1029 4416 dietus
1057 4345 1224 4417 dominus
1255 4345 1424 4417 Nicolaus
1454 4349 1492 4417 et
1521 4347 1578 4416 sui
1608 4363 1833 4416 successores

283 4451 381 4523 dicte
404 4451 554 4523 ecclesie
576 4455 744 4536 rectores
768 4451 904 4523 dictum
928 4451 1091 4524 diuinum
1122 4453 1258 4525 cultum
1290 4456 1329 4524 in
1351 4453 1487 4544 rigiiijs
1518 4455 1580 4537 sic,
1612 4451 1706 4544 quod
1730 4449 1834 4537 absit,

286 4561 414 4649 exequi
441 4558 672 4649 neglexerint,
697 4564 783 4630 tunc
807 4557 941 4631 dictam
971 4558 1086 4632 farine
1109 4580 1316 4633 mensuram
1340 4559 1501 4632 eiusdem
1525 4561 1734 4652 septimane,
1764 4578 1837 4650 qua

283 4666 439 4738 eandem
476 4668 635 4758 recipere
673 4664 892 4752 debuissent,
929 4687 1002 4738 non
1036 4667 1230 4740 habebunt.
1275 4667 1401 4739 Iiciam
1439 4667 1509 4738 hoc
1548 4670 1597 4738 sit
1635 4670 1834 4758 exceptum,

284 4773 382 4866 quod
417 4776 448 4846 si
486 4773 625 4846 dictum
662 4772 908 4854 molendinum
943 4775 1001 4846 vel
1039 4775 1246 4847 molendina
1267 4781 1412 4847 vacaret
1447 4777 1526 4846 siue
1559 4777 1729 4846 vacarent
1762 4793 1836 4847 non

284 4882 461 4966 molendo,
485 4883 538 4954 ita
559 4885 692 4966 tamen,
717 4880 812 4972 quod
834 4886 977 4954 tantum
995 4881 1133 4954 duobus
1158 4883 1284 4955 diebus
1304 4882 1466 4954 eiusdem
1485 4884 1684 4974 septimane
1703 4881 1836 4954 molon·

284 4988 371 5062 dina
394 4990 577 5075 molerent,
602 4993 733 5060 extunc
761 4987 857 5062 idem
890 4989 1056 5062 dominus
1086 4991 1256 5062 Nicolaus
1287 4995 1324 5062 et
1354 4993 1411 5062 sui
1441 5009 1667 5062 successores
1690 4991 1728 5062 in
1752 5008 1836 5081 quo·

283 5096 373 5170 libet
396 5095 598 5187 molendino
628 5095 673 5168 de
696 5096 855 5186 qualibet
886 5103 964 5169 rota
987 5099 1041 5170 sic
1071 5099 1227 5170 molente
1256 5097 1422 5182 lerinam,
1446 5100 1486 5168 rt
1509 5099 1746 5190 prescriptum
1770 5100 1835 5182 est,
1870 5085 1876 5097 ’

284 5205 364 5276 sine
403 5207 500 5277 omni
537 5202 794 5297 impedimento
830 5205 1044 5276 retinebunt.
1091 5206 1131 5278 In
1170 5205 1277 5278 huius
1312 5207 1363 5277 rei
1399 5206 1645 5277 testimonium
1676 5203 1837 5294 sigillum

285 5331 408 5384 meum
449 5311 677 5404 presentibus
717 5315 772 5382 ast
809 5311 1087 5404 subappensum.
1136 5313 1271 5385 Datum
1313 5319 1350 5385 et
1380 5317 1501 5384 actum
1540 5315 1578 5384 in
1614 5314 1838 5401 Opoteoyeaa

284 5420 344 5494 die
373 5423 489 5493 sancti
518 5419 703 5493 Michaelis
739 5419 955 5512 archangeli.
1002 5421 1231 5494 Prosentibus
1263 5421 1442 5494 nobilibus
1474 5421 1561 5492 viris
1595 5424 1632 5491 et
1665 5419 1836 5493 dominis:

2065 666 2313 754 Suanthoslao

2066 785 2222 860 lobanno
2235 781 2280 854 de
2293 782 2343 854 Iol

2067 895 2113 967 de
2137 893 2268 981 upazo,
2293 887 2343 962 liu

2068 1001 2114 1074 de
2135 1001 2294 1088 seduno,
2328 995 2343 1070 l

2018 1195 2020 1198 ¹
2069 1111 2321 1198 Mueclaeoraewo

2069 1219 2118 1289 tis
2141 1219 2178 1288 et
2199 1214 2343 1304 rogatis,

2234 1411 2343 1468 Actae

2081 1547 2144 1639 .'
2214 1588 2343 1660 nors

2237 1677 2343 1752 pure

2174 1769 2344 1858 >aas

2080 2172 2135 2241 21.
2183 2168 2281 2318 1403.
2306 2161 2344 2234 dl

2094 2358 2344 2434 -wlad

2081 2472 2227 2584 llicolao
2249 2466 2344 2586 Bocb

2244 2663 2344 2738 Wlad

2086 2796 2167 2852 mus
2191 2781 2227 2848 et
2247 2774 2344 2847 heres

2086 2889 2183 2958 cium
2222 2881 2344 2955 nodab

2085 2985 2339 3078 Nuremberga,

2087 3105 2126 3174 in
2159 3119 2201 3172 eo
2231 3099 2344 3170 nostre

2087 3207 2251 3282 Bochnar
2285 3205 2345 3274 ciu

2089 3319 2251 3390 nostrum
2274 3309 2345 3382 dile

2090 3421 2304 3512 necessariis
2332 3437 2345 3489 1

2090 3531 2259 3606 volentes
2281 3527 2345 3616 igit

2087 3625 2294 3731 'graciarum
2316 3653 2345 3706 n<

2092 3748 2230 3819 dictum
2252 3741 2345 3815 *Nico

2093 3850 2300 3928 huiusmodi
2322 3867 2345 3920 si

2095 3967 2170 4036 tate
2184 3979 2248 4054 pro
2262 3959 2345 4032 nost

2096 4075 2133 4144 et
2163 4089 2228 4142 sue
2258 4065 2345 4138 socie

2097 4178 2234 4260 solutis,
2267 4191 2345 4264 sup<

2097 4283 2242 4358 Nicolao
2265 4279 2345 4354 lieri

2098 4391 2245 4466 reddere
2267 4391 2346 4482 pret

2100 4505 2156 4573 est
2179 4515 2345 4591 appensur

2101 4609 2219 4701 priuij,
2244 4622 2335 4677 anno

2102 4711 2288 4787 reuerendi
2302 4713 2340 4782 in

2103 4821 2238 4896 dorum
2260 4819 2345 4892 Clen

2106 5125 2256 5184 in'ri‘'
2304 5123 2317 5138 '
