<?xml version="1.0" encoding="UTF-8"?>
<!DOCTYPE html PUBLIC "-//W3C//DTD XHTML 1.0 Transitional//EN"
    "http://www.w3.org/TR/xhtml1/DTD/xhtml1-transitional.dtd">
<html xmlns="http://www.w3.org/1999/xhtml" xml:lang="en" lang="en">
 <head>
  <title>
</title>
<meta http-equiv="Content-Type" content="text/html;charset=utf-8" />
  <meta name='ocr-system' content='tesseract 3.04.00' />
  <meta name='ocr-capabilities' content='ocr_page ocr_carea ocr_par ocr_line ocrx_word'/>
</head>
<body>
  <div class='ocr_page' id='page_1' title='image "./codexdiplomatic06zakrgoog_0290.png"; bbox 0 0 4706 6356; ppageno 0'>
   <div class='ocr_carea' id='block_1_1' title="bbox 1872 417 1936 516">
    <p class='ocr_par' dir='ltr' id='par_1_1' title="bbox 1872 417 1936 516">
     <span class='ocr_line' id='line_1_1' title="bbox 1872 417 1936 516; baseline -0.156 0"><span class='ocrx_word' id='word_1_1' title='bbox 1872 417 1936 516; x_wconf 75' lang='lat'><strong>..¹²1</strong></span> 
     </span>
    </p>
   </div>
   <div class='ocr_carea' id='block_1_2' title="bbox 376 606 1972 3522">
    <p class='ocr_par' dir='ltr' id='par_1_2' title="bbox 376 606 1972 3522">
     <span class='ocr_line' id='line_1_2' title="bbox 409 606 1939 714; baseline -0.003 -19"><span class='ocrx_word' id='word_1_2' title='bbox 409 616 529 712; x_wconf 63' lang='lat' dir='ltr'><strong>uenis,</strong></span> <span class='ocrx_word' id='word_1_3' title='bbox 552 606 727 714; x_wconf 80' lang='lat' dir='ltr'><strong>quamodo</strong></span> <span class='ocrx_word' id='word_1_4' title='bbox 742 613 826 694; x_wconf 88' lang='lat' dir='ltr'><strong>lieet</strong></span> <span class='ocrx_word' id='word_1_5' title='bbox 850 614 939 694; x_wconf 91' lang='lat' dir='ltr'><strong>alias</strong></span> <span class='ocrx_word' id='word_1_6' title='bbox 963 617 1006 692; x_wconf 92' lang='lat' dir='ltr'><strong>ob</strong></span> <span class='ocrx_word' id='word_1_7' title='bbox 1024 619 1151 693; x_wconf 88' lang='lat' dir='ltr'><strong>merita</strong></span> <span class='ocrx_word' id='word_1_8' title='bbox 1174 615 1337 692; x_wconf 93' lang='lat' dir='ltr'><strong>iidelium</strong></span> <span class='ocrx_word' id='word_1_9' title='bbox 1351 615 1611 712; x_wconf 78' lang='lat' dir='ltr'><strong>&#39;obsequiorum</strong></span> <span class='ocrx_word' id='word_1_10' title='bbox 1634 621 1771 692; x_wconf 91' lang='lat' dir='ltr'><strong>strenui</strong></span> <span class='ocrx_word' id='word_1_11' title='bbox 1795 617 1939 694; x_wconf 83' lang='lat' dir='ltr'><strong>Sandai-</strong></span> 
     </span>
     <span class='ocr_line' id='line_1_3' title="bbox 408 728 1939 830; baseline -0.003 -28"><span class='ocrx_word' id='word_1_12' title='bbox 408 737 499 830; x_wconf 76' lang='lat' dir='ltr'><strong>uogij</strong></span> <span class='ocrx_word' id='word_1_13' title='bbox 524 729 672 826; x_wconf 89' lang='lat' dir='ltr'><strong>palatini</strong></span> <span class='ocrx_word' id='word_1_14' title='bbox 697 729 958 824; x_wconf 79' lang='lat' dir='ltr'><strong>i‘osnaniensis,</strong></span> <span class='ocrx_word' id='word_1_15' title='bbox 989 731 1112 802; x_wconf 87' lang='lat' dir='ltr'><strong>militis</strong></span> <span class='ocrx_word' id='word_1_16' title='bbox 1142 731 1254 800; x_wconf 83' lang='lat' dir='ltr'><strong>nostri</strong></span> <span class='ocrx_word' id='word_1_17' title='bbox 1286 728 1412 801; x_wconf 67' lang='lat' dir='ltr'><strong>iidelis&#39;</strong></span> <span class='ocrx_word' id='word_1_18' title='bbox 1436 729 1566 815; x_wconf 90' lang='lat' dir='ltr'><strong>dilecti,</strong></span> <span class='ocrx_word' id='word_1_19' title='bbox 1598 728 1727 818; x_wconf 87' lang='lat' dir='ltr'><strong>quibus</strong></span> <span class='ocrx_word' id='word_1_20' title='bbox 1759 730 1939 800; x_wconf 85' lang='lat' dir='ltr'><strong>maiestati</strong></span> 
     </span>
     <span class='ocr_line' id='line_1_4' title="bbox 410 835 1939 930; baseline -0.009 -10"><span class='ocrx_word' id='word_1_21' title='bbox 410 849 523 927; x_wconf 87' lang='lat' dir='ltr'><strong>nostre</strong></span> <span class='ocrx_word' id='word_1_22' title='bbox 538 837 677 910; x_wconf 77' lang='lat' dir='ltr'><strong>studuit</strong></span> <span class='ocrx_word' id='word_1_23' title='bbox 700 837 895 930; x_wconf 91' lang='lat' dir='ltr'><strong>plurimum</strong></span> <span class='ocrx_word' id='word_1_24' title='bbox 918 836 1149 929; x_wconf 80' lang='lat' dir='ltr'><strong>complacere,</strong></span> <span class='ocrx_word' id='word_1_25' title='bbox 1174 837 1301 908; x_wconf 89' lang='lat' dir='ltr'><strong>horum</strong></span> <span class='ocrx_word' id='word_1_26' title='bbox 1325 839 1435 926; x_wconf 87' lang='lat' dir='ltr'><strong>igitur</strong></span> <span class='ocrx_word' id='word_1_27' title='bbox 1458 836 1762 928; x_wconf 72' lang='lat' dir='ltr'>contemplacione</span> <span class='ocrx_word' id='word_1_28' title='bbox 1777 835 1939 908; x_wconf 88' lang='lat' dir='ltr'><strong>volentes</strong></span> 
     </span>
     <span class='ocr_line' id='line_1_5' title="bbox 409 944 1940 1052; baseline -0.008 -26"><span class='ocrx_word' id='word_1_29' title='bbox 409 965 521 1052; x_wconf 86' lang='lat' dir='ltr'><strong>ipsum</strong></span> <span class='ocrx_word' id='word_1_30' title='bbox 546 944 591 1020; x_wconf 90' lang='lat' dir='ltr'><strong>ad</strong></span> <span class='ocrx_word' id='word_1_31' title='bbox 614 946 785 1035; x_wconf 88' lang='lat' dir='ltr'><strong>obsequia</strong></span> <span class='ocrx_word' id='word_1_32' title='bbox 808 949 931 1017; x_wconf 88' lang='lat' dir='ltr'><strong>nostra</strong></span> <span class='ocrx_word' id='word_1_33' title='bbox 960 944 1107 1016; x_wconf 88' lang='lat' dir='ltr'><strong>reddere</strong></span> <span class='ocrx_word' id='word_1_34' title='bbox 1139 947 1410 1037; x_wconf 89' lang='lat' dir='ltr'><strong>prompciarem,</strong></span> <span class='ocrx_word' id='word_1_35' title='bbox 1442 945 1511 1016; x_wconf 92' lang='lat' dir='ltr'><strong>sibi</strong></span> <span class='ocrx_word' id='word_1_36' title='bbox 1540 945 1644 1016; x_wconf 86' lang='lat' dir='ltr'><strong>villas</strong></span> <span class='ocrx_word' id='word_1_37' title='bbox 1668 949 1809 1015; x_wconf 90' lang='lat' dir='ltr'><strong>nostras</strong></span> <span class='ocrx_word' id='word_1_38' title='bbox 1832 947 1940 1014; x_wconf 82' lang='lat' dir='ltr'><strong>Duar-</strong></span> 
     </span>
     <span class='ocr_line' id='line_1_6' title="bbox 376 1046 1940 1146; baseline -0.007 -13"><span class='ocrx_word' id='word_1_39' title='bbox 376 1046 382 1053; x_wconf 64' lang='grc'>’</span> <span class='ocrx_word' id='word_1_40' title='bbox 409 1059 543 1138; x_wconf 75' lang='lat' dir='ltr'><strong>irorata</strong></span> <span class='ocrx_word' id='word_1_41' title='bbox 565 1073 675 1146; x_wconf 89' lang='lat' dir='ltr'><strong>propa</strong></span> <span class='ocrx_word' id='word_1_42' title='bbox 698 1055 879 1142; x_wconf 75' lang='lat' dir='ltr'><strong>Odorailcp</strong></span> <span class='ocrx_word' id='word_1_43' title='bbox 903 1057 939 1124; x_wconf 92' lang='lat' dir='ltr'><strong>et</strong></span> <span class='ocrx_word' id='word_1_44' title='bbox 963 1053 1137 1124; x_wconf 81' lang='lat' dir='ltr'><strong>Graecam</strong></span> <span class='ocrx_word' id='word_1_45' title='bbox 1159 1072 1269 1145; x_wconf 92' lang='lat' dir='ltr'><strong>prope</strong></span> <span class='ocrx_word' id='word_1_46' title='bbox 1292 1055 1491 1124; x_wconf 70' lang='lat' dir='ltr'><strong>Moesiacos</strong></span> <span class='ocrx_word' id='word_1_47' title='bbox 1501 1056 1526 1141; x_wconf 79' lang='grc' dir='ltr'><strong>ι)</strong></span> <span class='ocrx_word' id='word_1_48' title='bbox 1559 1050 1629 1124; x_wconf 88' lang='lat' dir='ltr'>sibi</span> <span class='ocrx_word' id='word_1_49' title='bbox 1652 1052 1940 1142; x_wconf 87' lang='lat' dir='ltr'><strong>obligaueramus</strong></span> 
     </span>
     <span class='ocr_line' id='line_1_7' title="bbox 408 1157 1941 1251; baseline -0.006 -13"><span class='ocrx_word' id='word_1_50' title='bbox 408 1177 442 1246; x_wconf 87' lang='lat' dir='ltr'><strong>in</strong></span> <span class='ocrx_word' id='word_1_51' title='bbox 464 1163 625 1238; x_wconf 85' lang='lat' dir='ltr'><strong>ducentis</strong></span> <span class='ocrx_word' id='word_1_52' title='bbox 649 1163 779 1234; x_wconf 88' lang='lat' dir='ltr'><strong>marcis</strong></span> <span class='ocrx_word' id='word_1_53' title='bbox 803 1159 1062 1232; x_wconf 91' lang='lat' dir='ltr'><strong>Polonicaiibus</strong></span> <span class='ocrx_word' id='word_1_54' title='bbox 1086 1162 1227 1232; x_wconf 91' lang='lat' dir='ltr'><strong>numeri</strong></span> <span class='ocrx_word' id='word_1_55' title='bbox 1250 1177 1391 1251; x_wconf 89' lang='lat' dir='ltr'><strong>quoque</strong></span> <span class='ocrx_word' id='word_1_56' title='bbox 1415 1160 1624 1232; x_wconf 89' lang='lat' dir='ltr'><strong>Polonicaiis</strong></span> <span class='ocrx_word' id='word_1_57' title='bbox 1641 1161 1812 1232; x_wconf 76' lang='lat' dir='ltr'><strong>consueti.</strong></span> <span class='ocrx_word' id='word_1_58' title='bbox 1842 1157 1941 1230; x_wconf 93' lang='lat' dir='ltr'><strong>Post·</strong></span> 
     </span>
     <span class='ocr_line' id='line_1_8' title="bbox 410 1265 1941 1361; baseline -0.006 -14"><span class='ocrx_word' id='word_1_59' title='bbox 410 1273 550 1353; x_wconf 86' lang='lat' dir='ltr'><strong>modum</strong></span> <span class='ocrx_word' id='word_1_60' title='bbox 580 1272 701 1341; x_wconf 87' lang='lat' dir='ltr'><strong>autem</strong></span> <span class='ocrx_word' id='word_1_61' title='bbox 731 1268 827 1340; x_wconf 90' lang='lat' dir='ltr'><strong>idem</strong></span> <span class='ocrx_word' id='word_1_62' title='bbox 860 1266 1129 1358; x_wconf 83' lang='lat' dir='ltr'><strong>Sandziwogius</strong></span> <span class='ocrx_word' id='word_1_63' title='bbox 1160 1268 1262 1340; x_wconf 92' lang='lat' dir='ltr'><strong>nobis</strong></span> <span class='ocrx_word' id='word_1_64' title='bbox 1285 1287 1396 1340; x_wconf 81' lang='lat' dir='ltr'><strong>unam</strong></span> <span class='ocrx_word' id='word_1_65' title='bbox 1425 1269 1549 1340; x_wconf 85' lang='lat' dir='ltr'><strong>villam</strong></span> <span class='ocrx_word' id='word_1_66' title='bbox 1581 1267 1823 1361; x_wconf 90' lang='lat' dir='ltr'><strong>predictarum</strong></span> <span class='ocrx_word' id='word_1_67' title='bbox 1845 1265 1941 1338; x_wconf 84' lang='lat' dir='ltr'><strong>ride-</strong></span> 
     </span>
     <span class='ocr_line' id='line_1_9' title="bbox 409 1374 1941 1466; baseline -0.008 -7"><span class='ocrx_word' id='word_1_68' title='bbox 409 1385 488 1460; x_wconf 91' lang='lat' dir='ltr'><strong>licet</strong></span> <span class='ocrx_word' id='word_1_69' title='bbox 508 1377 778 1452; x_wconf 81' lang='lat' dir='ltr'><strong>Dcmbrotclcam</strong></span> <span class='ocrx_word' id='word_1_70' title='bbox 810 1375 948 1448; x_wconf 79' lang='lat' dir='ltr'><strong>dimisit</strong></span> <span class='ocrx_word' id='word_1_71' title='bbox 970 1381 1006 1447; x_wconf 93' lang='lat' dir='ltr'><strong>ei</strong></span> <span class='ocrx_word' id='word_1_72' title='bbox 1028 1377 1185 1448; x_wconf 91' lang='lat' dir='ltr'><strong>restituit</strong></span> <span class='ocrx_word' id='word_1_73' title='bbox 1215 1375 1370 1448; x_wconf 83' lang='lat' dir='ltr'><strong>subtuli</strong></span> <span class='ocrx_word' id='word_1_74' title='bbox 1394 1376 1611 1461; x_wconf 91' lang='lat' dir='ltr'><strong>condicione,</strong></span> <span class='ocrx_word' id='word_1_75' title='bbox 1644 1374 1739 1466; x_wconf 93' lang='lat' dir='ltr'><strong>quod</strong></span> <span class='ocrx_word' id='word_1_76' title='bbox 1769 1375 1839 1447; x_wconf 87' lang='lat' dir='ltr'><strong>sibi</strong></span> <span class='ocrx_word' id='word_1_77' title='bbox 1862 1395 1941 1447; x_wconf 92' lang='lat' dir='ltr'><strong>cen·</strong></span> 
     </span>
     <span class='ocr_line' id='line_1_10' title="bbox 411 1483 1941 1574; baseline -0.006 -9"><span class='ocrx_word' id='word_1_78' title='bbox 411 1501 483 1566; x_wconf 91' lang='lat' dir='ltr'><strong>tum</strong></span> <span class='ocrx_word' id='word_1_79' title='bbox 516 1503 657 1558; x_wconf 87' lang='lat' dir='ltr'><strong>marcas</strong></span> <span class='ocrx_word' id='word_1_80' title='bbox 689 1485 832 1557; x_wconf 84' lang='lat' dir='ltr'><strong>racione</strong></span> <span class='ocrx_word' id='word_1_81' title='bbox 867 1483 1027 1556; x_wconf 90' lang='lat' dir='ltr'><strong>eiusdem</strong></span> <span class='ocrx_word' id='word_1_82' title='bbox 1060 1484 1144 1556; x_wconf 89' lang='lat' dir='ltr'><strong>viiie</strong></span> <span class='ocrx_word' id='word_1_83' title='bbox 1182 1483 1320 1556; x_wconf 88' lang='lat' dir='ltr'><strong>soluere</strong></span> <span class='ocrx_word' id='word_1_84' title='bbox 1352 1483 1618 1570; x_wconf 89' lang='lat' dir='ltr'><strong>debuissemus;</strong></span> <span class='ocrx_word' id='word_1_85' title='bbox 1650 1483 1826 1574; x_wconf 90' lang='lat' dir='ltr'><strong>reliquam</strong></span> <span class='ocrx_word' id='word_1_86' title='bbox 1857 1502 1941 1556; x_wconf 81' lang='lat' dir='ltr'><strong>vero</strong></span> 
     </span>
     <span class='ocr_line' id='line_1_11' title="bbox 410 1591 1941 1681; baseline -0.007 -9"><span class='ocrx_word' id='word_1_87' title='bbox 410 1598 528 1672; x_wconf 84' lang='lat' dir='ltr'><strong>uillam</strong></span> <span class='ocrx_word' id='word_1_88' title='bbox 555 1591 721 1678; x_wconf 89' lang='lat' dir='ltr'><strong>videlicet</strong></span> <span class='ocrx_word' id='word_1_89' title='bbox 755 1593 929 1664; x_wconf 64' lang='lat' dir='ltr'><strong>&amp;ostiam</strong></span> <span class='ocrx_word' id='word_1_90' title='bbox 962 1593 1000 1663; x_wconf 92' lang='lat' dir='ltr'><strong>in</strong></span> <span class='ocrx_word' id='word_1_91' title='bbox 1034 1591 1188 1664; x_wconf 89' lang='lat' dir='ltr'><strong>residuis</strong></span> <span class='ocrx_word' id='word_1_92' title='bbox 1221 1595 1366 1664; x_wconf 91' lang='lat' dir='ltr'><strong>centum</strong></span> <span class='ocrx_word' id='word_1_93' title='bbox 1399 1593 1529 1664; x_wconf 89' lang='lat' dir='ltr'><strong>marcis</strong></span> <span class='ocrx_word' id='word_1_94' title='bbox 1563 1593 1709 1664; x_wconf 92' lang='lat' dir='ltr'><strong>nornine</strong></span> <span class='ocrx_word' id='word_1_95' title='bbox 1731 1591 1941 1681; x_wconf 85' lang='lat' dir='ltr'><strong>obligatorio</strong></span> 
     </span>
     <span class='ocr_line' id='line_1_12' title="bbox 410 1696 1972 1802; baseline -0.003 -28"><span class='ocrx_word' id='word_1_96' title='bbox 410 1699 618 1802; x_wconf 87' lang='lat' dir='ltr'><strong>possidebat.</strong></span> <span class='ocrx_word' id='word_1_97' title='bbox 666 1700 822 1772; x_wconf 91' lang='lat' dir='ltr'><strong>Demum</strong></span> <span class='ocrx_word' id='word_1_98' title='bbox 850 1719 991 1790; x_wconf 92' lang='lat' dir='ltr'><strong>quoque</strong></span> <span class='ocrx_word' id='word_1_99' title='bbox 1014 1703 1123 1791; x_wconf 83' lang='lat' dir='ltr'><strong>(post)</strong></span> <span class='ocrx_word' id='word_1_100' title='bbox 1146 1699 1336 1772; x_wconf 84' lang='lat' dir='ltr'><strong>decessum</strong></span> <span class='ocrx_word' id='word_1_101' title='bbox 1359 1699 1597 1789; x_wconf 80' lang='lat' dir='ltr'><strong>Sandainogii</strong></span> <span class='ocrx_word' id='word_1_102' title='bbox 1628 1699 1779 1792; x_wconf 85' lang='lat' dir='ltr'><strong>predicti</strong></span> <span class='ocrx_word' id='word_1_103' title='bbox 1801 1696 1943 1771; x_wconf 89' lang='lat' dir='ltr'><strong>validus</strong></span> <span class='ocrx_word' id='word_1_104' title='bbox 1968 1793 1972 1800; x_wconf 26' lang='grc' dir='ltr'>Ι</span> 
     </span>
     <span class='ocr_line' id='line_1_13' title="bbox 414 1805 1942 1900; baseline -0.007 -12"><span class='ocrx_word' id='word_1_105' title='bbox 414 1810 664 1900; x_wconf 83' lang='lat' dir='ltr'><strong>Dabmgostius</strong></span> <span class='ocrx_word' id='word_1_106' title='bbox 695 1807 740 1879; x_wconf 92' lang='lat' dir='ltr'><strong>de</strong></span> <span class='ocrx_word' id='word_1_107' title='bbox 769 1809 978 1892; x_wconf 81' lang='lat' dir='ltr'><strong>Szcmotcli,</strong></span> <span class='ocrx_word' id='word_1_108' title='bbox 1009 1813 1117 1879; x_wconf 91' lang='lat' dir='ltr'><strong>natus</strong></span> <span class='ocrx_word' id='word_1_109' title='bbox 1148 1807 1320 1893; x_wconf 89' lang='lat' dir='ltr'><strong>eiusdem,</strong></span> <span class='ocrx_word' id='word_1_110' title='bbox 1351 1809 1455 1879; x_wconf 89' lang='lat' dir='ltr'><strong>miles</strong></span> <span class='ocrx_word' id='word_1_111' title='bbox 1484 1813 1607 1880; x_wconf 91' lang='lat' dir='ltr'><strong>noster</strong></span> <span class='ocrx_word' id='word_1_112' title='bbox 1637 1807 1756 1880; x_wconf 92' lang='lat' dir='ltr'><strong>iidelis</strong></span> <span class='ocrx_word' id='word_1_113' title='bbox 1780 1805 1942 1891; x_wconf 86' lang='lat' dir='ltr'><strong>dilectus,</strong></span> 
     </span>
     <span class='ocr_line' id='line_1_14' title="bbox 381 1914 1941 2013; baseline -0.006 -17"><span class='ocrx_word' id='word_1_114' title='bbox 381 1919 599 2013; x_wconf 81' lang='lat' dir='ltr'><strong>superstes,</strong></span> <span class='ocrx_word' id='word_1_115' title='bbox 627 1917 771 1988; x_wconf 88' lang='lat' dir='ltr'><strong>racione</strong></span> <span class='ocrx_word' id='word_1_116' title='bbox 802 1915 1043 2008; x_wconf 90' lang='lat' dir='ltr'><strong>predictamm</strong></span> <span class='ocrx_word' id='word_1_117' title='bbox 1074 1919 1219 1988; x_wconf 90' lang='lat' dir='ltr'><strong>centum</strong></span> <span class='ocrx_word' id='word_1_118' title='bbox 1246 1935 1459 2000; x_wconf 87' lang='lat' dir='ltr'><strong>marcemm,</strong></span> <span class='ocrx_word' id='word_1_119' title='bbox 1488 1936 1578 2006; x_wconf 92' lang='lat' dir='ltr'><strong>quas</strong></span> <span class='ocrx_word' id='word_1_120' title='bbox 1608 1916 1761 2006; x_wconf 87' lang='lat' dir='ltr'><strong>genitori</strong></span> <span class='ocrx_word' id='word_1_121' title='bbox 1784 1934 1850 1987; x_wconf 88' lang='lat' dir='ltr'><strong>suo</strong></span> <span class='ocrx_word' id='word_1_122' title='bbox 1874 1914 1941 1986; x_wconf 87' lang='lat' dir='ltr'><strong>sol·</strong></span> 
     </span>
     <span class='ocr_line' id='line_1_15' title="bbox 411 2023 1945 2116; baseline -0.005 -14"><span class='ocrx_word' id='word_1_123' title='bbox 411 2047 489 2102; x_wconf 89' lang='lat' dir='ltr'><strong>uere</strong></span> <span class='ocrx_word' id='word_1_124' title='bbox 504 2023 704 2108; x_wconf 90' lang='lat' dir='ltr'><strong>debuimus,</strong></span> <span class='ocrx_word' id='word_1_125' title='bbox 733 2023 921 2096; x_wconf 88' lang='lat' dir='ltr'><strong>nobiscum</strong></span> <span class='ocrx_word' id='word_1_126' title='bbox 936 2023 1024 2095; x_wconf 89' lang='lat' dir='ltr'><strong>iecit</strong></span> <span class='ocrx_word' id='word_1_127' title='bbox 1038 2023 1109 2094; x_wconf 91' lang='lat' dir='ltr'><strong>tale</strong></span> <span class='ocrx_word' id='word_1_128' title='bbox 1125 2029 1282 2116; x_wconf 89' lang='lat' dir='ltr'><strong>pactum,</strong></span> <span class='ocrx_word' id='word_1_129' title='bbox 1304 2023 1471 2098; x_wconf 86' lang='lat' dir='ltr'><strong>videlicet</strong></span> <span class='ocrx_word' id='word_1_130' title='bbox 1485 2023 1582 2114; x_wconf 91' lang='lat' dir='ltr'><strong>quod</strong></span> <span class='ocrx_word' id='word_1_131' title='bbox 1596 2025 1783 2096; x_wconf 78' lang='lat' dir='ltr'><strong>occasione</strong></span> <span class='ocrx_word' id='word_1_132' title='bbox 1800 2027 1945 2095; x_wconf 91' lang='lat' dir='ltr'><strong>centum</strong></span> 
     </span>
     <span class='ocr_line' id='line_1_16' title="bbox 413 2129 1945 2226; baseline -0.005 -17"><span class='ocrx_word' id='word_1_133' title='bbox 413 2131 602 2210; x_wconf 87' lang='lat' dir='ltr'><strong>earundem</strong></span> <span class='ocrx_word' id='word_1_134' title='bbox 636 2151 840 2204; x_wconf 88' lang='lat' dir='ltr'><strong>marcarum</strong></span> <span class='ocrx_word' id='word_1_135' title='bbox 873 2151 937 2224; x_wconf 91' lang='lat' dir='ltr'><strong>pro</strong></span> <span class='ocrx_word' id='word_1_136' title='bbox 972 2129 1099 2204; x_wconf 90' lang='lat' dir='ltr'><strong>eodem</strong></span> <span class='ocrx_word' id='word_1_137' title='bbox 1132 2131 1368 2222; x_wconf 87' lang='lat' dir='ltr'><strong>Dobrogostio</strong></span> <span class='ocrx_word' id='word_1_138' title='bbox 1399 2131 1496 2226; x_wconf 84' lang='lat' dir='ltr'><strong>apud</strong></span> <span class='ocrx_word' id='word_1_139' title='bbox 1522 2133 1621 2206; x_wconf 88' lang='lat' dir='ltr'><strong>Aron</strong></span> <span class='ocrx_word' id='word_1_140' title='bbox 1643 2131 1793 2204; x_wconf 90' lang='lat' dir='ltr'><strong>ludeum</strong></span> <span class='ocrx_word' id='word_1_141' title='bbox 1816 2130 1945 2203; x_wconf 93' lang='lat' dir='ltr'><strong>Posna·</strong></span> 
     </span>
     <span class='ocr_line' id='line_1_17' title="bbox 413 2237 1946 2333; baseline -0.003 -16"><span class='ocrx_word' id='word_1_142' title='bbox 413 2245 568 2318; x_wconf 87' lang='lat' dir='ltr'><strong>alensem</strong></span> <span class='ocrx_word' id='word_1_143' title='bbox 597 2241 739 2312; x_wconf 88' lang='lat' dir='ltr'><strong>racione</strong></span> <span class='ocrx_word' id='word_1_144' title='bbox 762 2259 885 2312; x_wconf 91' lang='lat' dir='ltr'><strong>eorum</strong></span> <span class='ocrx_word' id='word_1_145' title='bbox 916 2241 1061 2313; x_wconf 89' lang='lat' dir='ltr'><strong>omnino</strong></span> <span class='ocrx_word' id='word_1_146' title='bbox 1091 2238 1302 2326; x_wconf 88' lang='lat' dir='ltr'><strong>debiiomm,</strong></span> <span class='ocrx_word' id='word_1_147' title='bbox 1334 2241 1372 2312; x_wconf 92' lang='lat' dir='ltr'><strong>in</strong></span> <span class='ocrx_word' id='word_1_148' title='bbox 1400 2240 1686 2332; x_wconf 90' lang='lat' dir='ltr'><strong>quibuscumque</strong></span> <span class='ocrx_word' id='word_1_149' title='bbox 1708 2241 1780 2333; x_wconf 92' lang='lat' dir='ltr'><strong>ipsi</strong></span> <span class='ocrx_word' id='word_1_150' title='bbox 1803 2237 1946 2312; x_wconf 80' lang='lat' dir='ltr'><strong>Sandai-</strong></span> 
     </span>
     <span class='ocr_line' id='line_1_18' title="bbox 412 2347 1945 2441; baseline -0.003 -19"><span class='ocrx_word' id='word_1_151' title='bbox 412 2349 545 2440; x_wconf 78' lang='lat' dir='ltr'><strong>rrogius</strong></span> <span class='ocrx_word' id='word_1_152' title='bbox 566 2347 747 2441; x_wconf 85' lang='lat' dir='ltr'><strong>predictus</strong></span> <span class='ocrx_word' id='word_1_153' title='bbox 779 2349 920 2438; x_wconf 83' lang='lat' dir='ltr'><strong>genitor</strong></span> <span class='ocrx_word' id='word_1_154' title='bbox 949 2347 1127 2438; x_wconf 80' lang='lat' dir='ltr'><strong>obligatus</strong></span> <span class='ocrx_word' id='word_1_155' title='bbox 1160 2347 1332 2420; x_wconf 83' lang='lat' dir='ltr'><strong>debitoris</strong></span> <span class='ocrx_word' id='word_1_156' title='bbox 1355 2349 1482 2435; x_wconf 84' lang='lat' dir='ltr'><strong>extitit,</strong></span> <span class='ocrx_word' id='word_1_157' title='bbox 1505 2350 1545 2420; x_wconf 90' lang='lat' dir='ltr'><strong>ia</strong></span> <span class='ocrx_word' id='word_1_158' title='bbox 1567 2352 1641 2421; x_wconf 87' lang='lat' dir='ltr'><strong>tcto</strong></span> <span class='ocrx_word' id='word_1_159' title='bbox 1664 2348 1945 2433; x_wconf 85' lang='lat' dir='ltr'><strong>intercessimus,</strong></span> 
     </span>
     <span class='ocr_line' id='line_1_19' title="bbox 413 2453 1947 2551; baseline -0.002 -21"><span class='ocrx_word' id='word_1_160' title='bbox 413 2461 451 2530; x_wconf 91' lang='lat' dir='ltr'><strong>ut</strong></span> <span class='ocrx_word' id='word_1_161' title='bbox 470 2453 723 2528; x_wconf 85' lang='lat' dir='ltr'><strong>intercedimus</strong></span> <span class='ocrx_word' id='word_1_162' title='bbox 754 2458 893 2544; x_wconf 79' lang='lat' dir='ltr'><strong>cumis)</strong></span> <span class='ocrx_word' id='word_1_163' title='bbox 917 2455 1081 2528; x_wconf 74' lang='lat' dir='ltr'><strong>officinm</strong></span> <span class='ocrx_word' id='word_1_164' title='bbox 1110 2456 1149 2527; x_wconf 91' lang='lat' dir='ltr'><strong>in</strong></span> <span class='ocrx_word' id='word_1_165' title='bbox 1171 2475 1237 2528; x_wconf 93' lang='lat' dir='ltr'><strong>nos</strong></span> <span class='ocrx_word' id='word_1_166' title='bbox 1268 2457 1367 2551; x_wconf 86' lang='lat' dir='ltr'><strong>ipsos</strong></span> <span class='ocrx_word' id='word_1_167' title='bbox 1397 2455 1559 2529; x_wconf 91' lang='lat' dir='ltr'><strong>debitum</strong></span> <span class='ocrx_word' id='word_1_168' title='bbox 1588 2455 1795 2528; x_wconf 87' lang='lat' dir='ltr'><strong>huiusmodi</strong></span> <span class='ocrx_word' id='word_1_169' title='bbox 1824 2459 1947 2528; x_wconf 89' lang='lat' dir='ltr'><strong>tenore</strong></span> 
     </span>
     <span class='ocr_line' id='line_1_20' title="bbox 413 2563 1947 2658; baseline 0 -22"><span class='ocrx_word' id='word_1_170' title='bbox 413 2563 633 2658; x_wconf 84' lang='lat' dir='ltr'><strong>presencium</strong></span> <span class='ocrx_word' id='word_1_171' title='bbox 657 2567 894 2650; x_wconf 80' lang='lat' dir='ltr'><strong>assumentes,</strong></span> <span class='ocrx_word' id='word_1_172' title='bbox 918 2565 971 2636; x_wconf 90' lang='lat' dir='ltr'><strong>lta</strong></span> <span class='ocrx_word' id='word_1_173' title='bbox 992 2567 1125 2650; x_wconf 66' lang='lat' dir='ltr'><strong>maren,</strong></span> <span class='ocrx_word' id='word_1_174' title='bbox 1149 2563 1246 2656; x_wconf 89' lang='lat' dir='ltr'><strong>quod</strong></span> <span class='ocrx_word' id='word_1_175' title='bbox 1276 2563 1537 2655; x_wconf 70' lang='lat' dir='ltr'><strong>Doitrogostius</strong></span> <span class='ocrx_word' id='word_1_176' title='bbox 1566 2563 1749 2656; x_wconf 86' lang='lat' dir='ltr'><strong>predictus</strong></span> <span class='ocrx_word' id='word_1_177' title='bbox 1772 2564 1947 2656; x_wconf 88' lang='lat' dir='ltr'><strong>reliquam</strong></span> 
     </span>
     <span class='ocr_line' id='line_1_21' title="bbox 412 2669 1946 2766; baseline 0 -22"><span class='ocrx_word' id='word_1_178' title='bbox 412 2671 530 2744; x_wconf 83' lang='lat' dir='ltr'><strong>riilarn</strong></span> <span class='ocrx_word' id='word_1_179' title='bbox 567 2669 739 2744; x_wconf 85' lang='lat' dir='ltr'><strong>Crosnam</strong></span> <span class='ocrx_word' id='word_1_180' title='bbox 772 2671 973 2766; x_wconf 85' lang='lat' dir='ltr'><strong>predictam</strong></span> <span class='ocrx_word' id='word_1_181' title='bbox 1019 2692 1103 2745; x_wconf 91' lang='lat' dir='ltr'><strong>cum</strong></span> <span class='ocrx_word' id='word_1_182' title='bbox 1146 2672 1313 2746; x_wconf 89' lang='lat' dir='ltr'><strong>omnibus</strong></span> <span class='ocrx_word' id='word_1_183' title='bbox 1349 2673 1465 2766; x_wconf 87' lang='lat' dir='ltr'><strong>ipsius</strong></span> <span class='ocrx_word' id='word_1_184' title='bbox 1503 2672 1728 2759; x_wconf 80' lang='lat' dir='ltr'><strong>utilitatibus,</strong></span> <span class='ocrx_word' id='word_1_185' title='bbox 1768 2672 1946 2758; x_wconf 84' lang='lat' dir='ltr'><strong>censibus,</strong></span> 
     </span>
     <span class='ocr_line' id='line_1_22' title="bbox 412 2777 1946 2874; baseline 0.002 -24"><span class='ocrx_word' id='word_1_186' title='bbox 412 2777 649 2874; x_wconf 84' lang='lat' dir='ltr'><strong>pmuentibus,</strong></span> <span class='ocrx_word' id='word_1_187' title='bbox 673 2781 821 2873; x_wconf 81' lang='lat' dir='ltr'><strong>campis,</strong></span> <span class='ocrx_word' id='word_1_188' title='bbox 846 2782 953 2870; x_wconf 81' lang='lat' dir='ltr'><strong>agris,</strong></span> <span class='ocrx_word' id='word_1_189' title='bbox 989 2782 1103 2872; x_wconf 87' lang='lat' dir='ltr'><strong>aquis,</strong></span> <span class='ocrx_word' id='word_1_190' title='bbox 1138 2779 1299 2865; x_wconf 85' lang='lat' dir='ltr'><strong>lacubus,</strong></span> <span class='ocrx_word' id='word_1_191' title='bbox 1334 2780 1458 2872; x_wconf 76' lang='lat' dir='ltr'><strong>syluls,</strong></span> <span class='ocrx_word' id='word_1_192' title='bbox 1492 2781 1710 2868; x_wconf 84' lang='lat' dir='ltr'><strong>nemoribus,</strong></span> <span class='ocrx_word' id='word_1_193' title='bbox 1741 2781 1946 2853; x_wconf 90' lang='lat' dir='ltr'><strong>cumomni</strong></span> 
     </span>
     <span class='ocr_line' id='line_1_23' title="bbox 413 2881 1947 2986; baseline 0 -26"><span class='ocrx_word' id='word_1_194' title='bbox 413 2885 629 2978; x_wconf 73' lang='lat' dir='ltr'><strong>cbdssaeionc</strong></span> <span class='ocrx_word' id='word_1_195' title='bbox 641 2881 788 2986; x_wconf 77' lang='lat' dir='ltr'><strong>tenebit,</strong></span> <span class='ocrx_word' id='word_1_196' title='bbox 811 2885 958 2960; x_wconf 85' lang='lat' dir='ltr'><strong>hebebit</strong></span> <span class='ocrx_word' id='word_1_197' title='bbox 976 2893 1013 2960; x_wconf 91' lang='lat' dir='ltr'><strong>et</strong></span> <span class='ocrx_word' id='word_1_198' title='bbox 1027 2885 1225 2981; x_wconf 88' lang='lat' dir='ltr'><strong>possidebit</strong></span> <span class='ocrx_word' id='word_1_199' title='bbox 1246 2889 1395 2975; x_wconf 90' lang='lat' dir='ltr'><strong>tamdiu,</strong></span> <span class='ocrx_word' id='word_1_200' title='bbox 1420 2906 1606 2980; x_wconf 88' lang='lat' dir='ltr'><strong>quousque</strong></span> <span class='ocrx_word' id='word_1_201' title='bbox 1628 2887 1698 2961; x_wconf 87' lang='lat' dir='ltr'><strong>sibi</strong></span> <span class='ocrx_word' id='word_1_202' title='bbox 1721 2893 1785 2961; x_wconf 87' lang='lat' dir='ltr'><strong>aut</strong></span> <span class='ocrx_word' id='word_1_203' title='bbox 1806 2907 1947 2960; x_wconf 79' lang='lat' dir='ltr'><strong>succes</strong></span> 
     </span>
     <span class='ocr_line' id='line_1_24' title="bbox 413 2993 1949 3089; baseline 0.001 -23"><span class='ocrx_word' id='word_1_204' title='bbox 413 2993 548 3068; x_wconf 79' lang='lat' dir='ltr'><strong>acribus</strong></span> <span class='ocrx_word' id='word_1_205' title='bbox 570 2995 647 3068; x_wconf 85' lang='lat' dir='ltr'><strong>suis</strong></span> <span class='ocrx_word' id='word_1_206' title='bbox 668 2995 829 3089; x_wconf 89' lang='lat' dir='ltr'><strong>predicte</strong></span> <span class='ocrx_word' id='word_1_207' title='bbox 851 2999 998 3070; x_wconf 90' lang='lat' dir='ltr'><strong>centum</strong></span> <span class='ocrx_word' id='word_1_208' title='bbox 1020 3015 1141 3070; x_wconf 87' lang='lat' dir='ltr'><strong>marce</strong></span> <span class='ocrx_word' id='word_1_209' title='bbox 1163 3015 1229 3089; x_wconf 89' lang='lat' dir='ltr'><strong>per</strong></span> <span class='ocrx_word' id='word_1_210' title='bbox 1249 3016 1316 3069; x_wconf 88' lang='lat' dir='ltr'><strong>nos</strong></span> <span class='ocrx_word' id='word_1_211' title='bbox 1330 2999 1396 3068; x_wconf 85' lang='lat' dir='ltr'><strong>aut</strong></span> <span class='ocrx_word' id='word_1_212' title='bbox 1411 3016 1637 3070; x_wconf 85' lang='lat' dir='ltr'><strong>successores</strong></span> <span class='ocrx_word' id='word_1_213' title='bbox 1649 3001 1791 3069; x_wconf 87' lang='lat' dir='ltr'><strong>nastros</strong></span> <span class='ocrx_word' id='word_1_214' title='bbox 1813 2996 1949 3070; x_wconf 88' lang='lat' dir='ltr'><strong>inerint</strong></span> 
     </span>
     <span class='ocr_line' id='line_1_25' title="bbox 414 3101 1947 3198; baseline 0.001 -24"><span class='ocrx_word' id='word_1_215' title='bbox 414 3101 629 3193; x_wconf 74' lang='lat' dir='ltr'><strong>mtegrailter</strong></span> <span class='ocrx_word' id='word_1_216' title='bbox 649 3103 840 3196; x_wconf 78' lang='lat' dir='ltr'><strong>persoluta</strong></span> <span class='ocrx_word' id='word_1_217' title='bbox 885 3104 1021 3176; x_wconf 86' lang='lat' dir='ltr'><strong>Harum</strong></span> <span class='ocrx_word' id='word_1_218' title='bbox 1037 3103 1168 3197; x_wconf 90' lang='lat' dir='ltr'><strong>quibus</strong></span> <span class='ocrx_word' id='word_1_219' title='bbox 1191 3104 1351 3195; x_wconf 83' lang='lat' dir='ltr'><strong>sigillum</strong></span> <span class='ocrx_word' id='word_1_220' title='bbox 1369 3107 1533 3178; x_wconf 88' lang='lat' dir='ltr'><strong>nostrum</strong></span> <span class='ocrx_word' id='word_1_221' title='bbox 1548 3123 1748 3198; x_wconf 84' lang='lat' dir='ltr'><strong>appensum</strong></span> <span class='ocrx_word' id='word_1_222' title='bbox 1772 3107 1828 3176; x_wconf 82' lang='lat' dir='ltr'><strong>est</strong></span> <span class='ocrx_word' id='word_1_223' title='bbox 1849 3105 1947 3176; x_wconf 91' lang='lat' dir='ltr'><strong>testi·</strong></span> 
     </span>
     <span class='ocr_line' id='line_1_26' title="bbox 414 3203 1947 3306; baseline 0.001 -24"><span class='ocrx_word' id='word_1_224' title='bbox 414 3209 528 3282; x_wconf 87' lang='lat' dir='ltr'><strong>monio</strong></span> <span class='ocrx_word' id='word_1_225' title='bbox 548 3203 744 3284; x_wconf 88' lang='lat' dir='ltr'><strong>literarum.</strong></span> <span class='ocrx_word' id='word_1_226' title='bbox 790 3209 927 3296; x_wconf 86' lang='lat' dir='ltr'><strong>Datum</strong></span> <span class='ocrx_word' id='word_1_227' title='bbox 950 3211 1120 3286; x_wconf 64' lang='lat' dir='ltr'><strong>&amp;occule</strong></span> <span class='ocrx_word' id='word_1_228' title='bbox 1142 3213 1223 3306; x_wconf 88' lang='lat' dir='ltr'><strong>ipsa</strong></span> <span class='ocrx_word' id='word_1_229' title='bbox 1253 3211 1312 3285; x_wconf 86' lang='lat' dir='ltr'><strong>die</strong></span> <span class='ocrx_word' id='word_1_230' title='bbox 1333 3213 1639 3286; x_wconf 86' lang='lat' dir='ltr'><strong>Annunclacionis</strong></span> <span class='ocrx_word' id='word_1_231' title='bbox 1669 3212 1774 3285; x_wconf 90' lang='lat' dir='ltr'><strong>beate</strong></span> <span class='ocrx_word' id='word_1_232' title='bbox 1796 3213 1947 3303; x_wconf 79' lang='lat' dir='ltr'><strong>virginis</strong></span> 
     </span>
     <span class='ocr_line' id='line_1_27' title="bbox 414 3314 1948 3413; baseline 0.001 -22"><span class='ocrx_word' id='word_1_233' title='bbox 414 3314 528 3405; x_wconf 82' lang='lat' dir='ltr'><strong>liaris,</strong></span> <span class='ocrx_word' id='word_1_234' title='bbox 551 3337 645 3393; x_wconf 89' lang='lat' dir='ltr'><strong>anno</strong></span> <span class='ocrx_word' id='word_1_235' title='bbox 667 3317 813 3393; x_wconf 86' lang='lat' dir='ltr'><strong>Domini</strong></span> <span class='ocrx_word' id='word_1_236' title='bbox 835 3319 1026 3394; x_wconf 81' lang='lat' dir='ltr'><strong>millesimo</strong></span> <span class='ocrx_word' id='word_1_237' title='bbox 1049 3319 1401 3413; x_wconf 80' lang='lat' dir='ltr'><strong>quadringentesimo</strong></span> <span class='ocrx_word' id='word_1_238' title='bbox 1417 3321 1551 3413; x_wconf 89' lang='lat' dir='ltr'><strong>quinto.</strong></span> <span class='ocrx_word' id='word_1_239' title='bbox 1574 3359 1621 3374; x_wconf 91' lang='lat'><em>-</em></span> <span class='ocrx_word' id='word_1_240' title='bbox 1642 3319 1786 3393; x_wconf 86' lang='lat' dir='ltr'><strong>Relacic</strong></span> <span class='ocrx_word' id='word_1_241' title='bbox 1810 3318 1948 3393; x_wconf 83' lang='lat' dir='ltr'><strong>domni</strong></span> 
     </span>
     <span class='ocr_line' id='line_1_28' title="bbox 414 3421 861 3522; baseline 0.013 -26"><span class='ocrx_word' id='word_1_242' title='bbox 414 3421 545 3500; x_wconf 86' lang='lat' dir='ltr'><strong>Nicciai</strong></span> <span class='ocrx_word' id='word_1_243' title='bbox 565 3425 861 3522; x_wconf 72' lang='lat' dir='ltr'><strong>vicecancellarii.</strong></span> 
     </span>
    </p>
   </div>
   <div class='ocr_carea' id='block_1_3' title="bbox 413 3640 1948 3810">
    <p class='ocr_par' dir='ltr' id='par_1_3' title="bbox 413 3640 1948 3810">
     <span class='ocr_line' id='line_1_29' title="bbox 567 3640 1948 3721; baseline 0.014 -20"><span class='ocrx_word' id='word_1_244' title='bbox 567 3640 648 3702; x_wconf 72' lang='lat' dir='ltr'><strong>aa.</strong></span> <span class='ocrx_word' id='word_1_245' title='bbox 669 3641 886 3704; x_wconf 67' lang='lat' dir='ltr'><strong>nmen</strong></span> <span class='ocrx_word' id='word_1_246' title='bbox 913 3644 949 3704; x_wconf 83' lang='grc' dir='ltr'><strong>ιο</strong></span> <span class='ocrx_word' id='word_1_247' title='bbox 964 3641 1005 3704; x_wconf 83' lang='lat' dir='ltr'><strong>a.</strong></span> <span class='ocrx_word' id='word_1_248' title='bbox 1022 3643 1074 3716; x_wconf 73' lang='lat' dir='ltr'><strong>m,</strong></span> <span class='ocrx_word' id='word_1_249' title='bbox 1095 3661 1112 3702; x_wconf 73' lang='grc' dir='ltr'><strong>ι</strong></span> <span class='ocrx_word' id='word_1_250' title='bbox 1137 3643 1288 3720; x_wconf 63' lang='lat' dir='ltr'><strong>orygum</strong></span> <span class='ocrx_word' id='word_1_251' title='bbox 1311 3643 1564 3721; x_wconf 62' lang='lat' dir='ltr'><strong>scamnorum</strong></span> <span class='ocrx_word' id='word_1_252' title='bbox 1580 3640 1825 3720; x_wconf 55' lang='lat' dir='ltr'><strong>autumem</strong></span> <span class='ocrx_word' id='word_1_253' title='bbox 1842 3641 1948 3720; x_wconf 69' lang='lat' dir='ltr'><strong>asir</strong></span> 
     </span>
     <span class='ocr_line' id='line_1_30' title="bbox 413 3731 1930 3810; baseline 0.002 -5"><span class='ocrx_word' id='word_1_254' title='bbox 413 3731 1652 3810; x_wconf 60' lang='lat' dir='ltr'><strong>wmmmumsacvamsctuemwmmuanom</strong></span> <span class='ocrx_word' id='word_1_255' title='bbox 1926 3761 1930 3766; x_wconf 96' lang='lat'>·</span> 
     </span>
    </p>
   </div>
   <div class='ocr_carea' id='block_1_4' title="bbox 468 3927 1474 4298">
    <p class='ocr_par' dir='ltr' id='par_1_4' title="bbox 468 3927 1474 4298">
     <span class='ocr_line' id='line_1_31' title="bbox 468 3927 1261 4008; baseline 0.005 -19"><span class='ocrx_word' id='word_1_256' title='bbox 468 3987 474 3998; x_wconf 88' lang='grc'><strong>,</strong></span> <span class='ocrx_word' id='word_1_257' title='bbox 571 3927 1261 4008; x_wconf 64' lang='lat' dir='ltr'><strong>‘issebduiuldoicirrovpcmbomicklm</strong></span> 
     </span>
     <span class='ocr_line' id='line_1_32' title="bbox 614 4019 1474 4100; baseline 0.002 -20"><span class='ocrx_word' id='word_1_258' title='bbox 614 4019 1474 4100; x_wconf 61' lang='lat' dir='ltr'><strong>mmmmmmhtqmpcmiakin</strong></span> 
     </span>
     <span class='ocr_line' id='line_1_33' title="bbox 610 4109 1426 4188; baseline 0.001 -18"><span class='ocrx_word' id='word_1_259' title='bbox 610 4109 1426 4188; x_wconf 56' lang='lat' dir='ltr'><strong>&amp;mutumnmkimaniaiokciiatna</strong></span> 
     </span>
     <span class='ocr_line' id='line_1_34' title="bbox 611 4199 1167 4298; baseline 0.005 -37"><span class='ocrx_word' id='word_1_260' title='bbox 611 4199 1167 4298; x_wconf 72' lang='lat' dir='ltr'><strong>lbeiuamintarrppmnemekim.</strong></span> 
     </span>
    </p>
   </div>
   <div class='ocr_carea' id='block_1_5' title="bbox 417 4607 1280 4708">
    <p class='ocr_par' dir='ltr' id='par_1_5' title="bbox 417 4607 1280 4708">
     <span class='ocr_line' id='line_1_35' title="bbox 417 4607 1280 4708; baseline 0.009 -26"><span class='ocrx_word' id='word_1_261' title='bbox 417 4607 467 4684; x_wconf 80' lang='lat' dir='ltr'><strong>ta.</strong></span> <span class='ocrx_word' id='word_1_262' title='bbox 513 4617 611 4690; x_wconf 82' lang='lat' dir='ltr'><strong>titio.</strong></span> <span class='ocrx_word' id='word_1_263' title='bbox 635 4613 694 4690; x_wconf 89' lang='lat' dir='ltr'><strong>die</strong></span> <span class='ocrx_word' id='word_1_264' title='bbox 715 4617 771 4690; x_wconf 75' lang='grc'><strong>27.</strong></span> <span class='ocrx_word' id='word_1_265' title='bbox 794 4616 931 4692; x_wconf 79' lang='lat' dir='ltr'><strong>mensis</strong></span> <span class='ocrx_word' id='word_1_266' title='bbox 952 4615 1081 4708; x_wconf 87' lang='lat' dir='ltr'><strong>liartli,</strong></span> <span class='ocrx_word' id='word_1_267' title='bbox 1105 4615 1280 4696; x_wconf 78' lang='lat' dir='ltr'><strong>damme.</strong></span> 
     </span>
    </p>
   </div>
   <div class='ocr_carea' id='block_1_6' title="bbox 417 4829 1950 5146">
    <p class='ocr_par' dir='ltr' id='par_1_6' title="bbox 417 4829 1950 5146">
     <span class='ocr_line' id='line_1_36' title="bbox 573 4829 1950 4930; baseline 0.006 -25"><span class='ocrx_word' id='word_1_268' title='bbox 573 4829 730 4906; x_wconf 86' lang='lat' dir='ltr'><strong>&#39;lhomco</strong></span> <span class='ocrx_word' id='word_1_269' title='bbox 759 4831 1000 4928; x_wconf 84' lang='lat' dir='ltr'><strong>subpincema</strong></span> <span class='ocrx_word' id='word_1_270' title='bbox 1028 4835 1274 4910; x_wconf 79' lang='lat' dir='ltr'><strong>cracoviensis</strong></span> <span class='ocrx_word' id='word_1_271' title='bbox 1305 4839 1342 4909; x_wconf 88' lang='lat' dir='ltr'><strong>et</strong></span> <span class='ocrx_word' id='word_1_272' title='bbox 1371 4834 1591 4930; x_wconf 84' lang='lat' dir='ltr'><strong>capitaneus¹</strong></span> <span class='ocrx_word' id='word_1_273' title='bbox 1609 4830 1754 4908; x_wconf 86' lang='lat' dir='ltr'><strong>Maioris</strong></span> <span class='ocrx_word' id='word_1_274' title='bbox 1783 4831 1950 4912; x_wconf 84' lang='lat' dir='ltr'><strong>Poloniae</strong></span> 
     </span>
     <span class='ocr_line' id='line_1_37' title="bbox 417 4931 1949 5036; baseline 0.005 -25"><span class='ocrx_word' id='word_1_275' title='bbox 417 4931 574 5027; x_wconf 61' lang='lat' dir='ltr'><strong>tutatur,</strong></span> <span class='ocrx_word' id='word_1_276' title='bbox 610 4939 805 5014; x_wconf 83' lang='lat' dir='ltr'><strong>Martinam</strong></span> <span class='ocrx_word' id='word_1_277' title='bbox 843 4940 889 5014; x_wconf 87' lang='lat' dir='ltr'><strong>de</strong></span> <span class='ocrx_word' id='word_1_278' title='bbox 925 4945 1131 5017; x_wconf 60' lang='lat' dir='ltr'><strong>&amp;meamea</strong></span> <span class='ocrx_word' id='word_1_279' title='bbox 1173 4943 1390 5036; x_wconf 82' lang='lat' dir='ltr'><strong>gladiiemm</strong></span> <span class='ocrx_word' id='word_1_280' title='bbox 1428 4941 1691 5030; x_wconf 83' lang='lat' dir='ltr'><strong>Calissiensem,</strong></span> <span class='ocrx_word' id='word_1_281' title='bbox 1736 4943 1949 5019; x_wconf 80' lang='lat' dir='ltr'><strong>catharinae</strong></span> 
     </span>
     <span class='ocr_line' id='line_1_38' title="bbox 418 5047 1702 5146; baseline 0.007 -31"><span class='ocrx_word' id='word_1_282' title='bbox 418 5047 513 5120; x_wconf 78' lang='lat' dir='ltr'><strong>uxori</strong></span> <span class='ocrx_word' id='word_1_283' title='bbox 534 5050 622 5124; x_wconf 82' lang='lat' dir='ltr'><strong>suae&#39;</strong></span> <span class='ocrx_word' id='word_1_284' title='bbox 645 5047 701 5122; x_wconf 80' lang='lat' dir='ltr'><strong>ct</strong></span> <span class='ocrx_word' id='word_1_285' title='bbox 723 5069 865 5123; x_wconf 86' lang='lat' dir='ltr'><strong>marces</strong></span> <span class='ocrx_word' id='word_1_286' title='bbox 888 5048 1040 5125; x_wconf 88' lang='lat' dir='ltr'><strong>dotalitii</strong></span> <span class='ocrx_word' id='word_1_287' title='bbox 1063 5055 1101 5126; x_wconf 94' lang='lat' dir='ltr'><strong>ln</strong></span> <span class='ocrx_word' id='word_1_288' title='bbox 1124 5053 1210 5126; x_wconf 84' lang='lat' dir='ltr'><strong>viiia</strong></span> <span class='ocrx_word' id='word_1_289' title='bbox 1231 5053 1442 5142; x_wconf 62' lang='lat' dir='ltr'><strong>Pawicwoi)</strong></span> <span class='ocrx_word' id='word_1_290' title='bbox 1465 5053 1702 5146; x_wconf 90' lang='lat' dir='ltr'><strong>inscripsisse.</strong></span> 
     </span>
    </p>
   </div>
   <div class='ocr_carea' id='block_1_7' title="bbox 419 5261 1948 5466">
    <p class='ocr_par' dir='ltr' id='par_1_7' title="bbox 419 5261 1948 5466">
     <span class='ocr_line' id='line_1_39' title="bbox 572 5261 1948 5344; baseline 0.004 -6"><span class='ocrx_word' id='word_1_291' title='bbox 572 5263 613 5338; x_wconf 86' lang='lat' dir='ltr'><strong>n</strong></span> <span class='ocrx_word' id='word_1_292' title='bbox 637 5261 779 5339; x_wconf 79' lang='lat' dir='ltr'><strong>(laenas</strong></span> <span class='ocrx_word' id='word_1_293' title='bbox 808 5263 899 5338; x_wconf 89' lang='lat' dir='ltr'><strong>leria</strong></span> <span class='ocrx_word' id='word_1_294' title='bbox 927 5272 1030 5341; x_wconf 85' lang='lat' dir='ltr'><strong>sexta</strong></span> <span class='ocrx_word' id='word_1_295' title='bbox 1060 5272 1143 5343; x_wconf 85' lang='lat' dir='ltr'><strong>ante</strong></span> <span class='ocrx_word' id='word_1_296' title='bbox 1173 5267 1390 5343; x_wconf 89' lang='lat' dir='ltr'><strong>dominicam</strong></span> <span class='ocrx_word' id='word_1_297' title='bbox 1412 5268 1548 5343; x_wconf 76' lang='lat' dir='ltr'><strong>necare.</strong></span> <span class='ocrx_word' id='word_1_298' title='bbox 1595 5263 1737 5340; x_wconf 77' lang='lat' dir='ltr'><strong>restes:</strong></span> <span class='ocrx_word' id='word_1_299' title='bbox 1767 5265 1948 5344; x_wconf 86' lang='lat' dir='ltr'><strong>iacussius</strong></span> 
     </span>
     <span class='ocr_line' id='line_1_40' title="bbox 419 5357 1947 5466; baseline 0.005 -22"><span class='ocrx_word' id='word_1_300' title='bbox 419 5357 460 5436; x_wconf 81' lang='lat' dir='ltr'><strong>de</strong></span> <span class='ocrx_word' id='word_1_301' title='bbox 488 5369 904 5465; x_wconf 67' lang='lat' dir='ltr'><strong>emorrannum,</strong></span> <span class='ocrx_word' id='word_1_302' title='bbox 938 5376 1102 5452; x_wconf 85' lang='lat' dir='ltr'><strong>limcuiro</strong></span> <span class='ocrx_word' id='word_1_303' title='bbox 1132 5377 1177 5450; x_wconf 92' lang='lat' dir='ltr'><strong>de</strong></span> <span class='ocrx_word' id='word_1_304' title='bbox 1208 5379 1409 5452; x_wconf 70' lang='lat' dir='ltr'><strong>cromaco</strong></span> <span class='ocrx_word' id='word_1_305' title='bbox 1444 5379 1696 5451; x_wconf 84' lang='lat' dir='ltr'><strong>Poananicnsis</strong></span> <span class='ocrx_word' id='word_1_306' title='bbox 1730 5377 1947 5466; x_wconf 87' lang='lat' dir='ltr'><strong>subiudiccs,</strong></span> 
     </span>
    </p>
   </div>
   <div class='ocr_carea' id='block_1_8' title="bbox 0 0 2373 6356">
    <p class='ocr_par' dir='ltr' id='par_1_8' title="bbox 0 0 2373 6356">
     <span class='ocr_line' id='line_1_41' title="bbox 0 0 2373 6356; baseline 0 0"><span class='ocrx_word' id='word_1_307' title='bbox 0 0 2373 6356; x_wconf 95' lang='lat' dir='ltr'><strong> </strong></span> 
     </span>
    </p>
   </div>
  </div>
 </body>
</html>
