4720 6360
1831 529 1980 618 alae

1347 621 1352 634 '
1446 617 1461 672 i

233 796 243 816 .
330 804 334 810 .
457 777 558 851 fassus
591 713 656 834 est
687 730 812 819 villam
841 766 946 819 suam
985 743 1120 818 dictem
1149 765 1213 818 seu
1244 746 1488 839 nuncupatam
1527 743 1737 829 Motbteaaao,
1755 763 1853 816 eum
1883 745 1982 816 omni

457 889 520 958 tore
549 865 585 934 et
616 859 690 929 toto
725 853 893 939 dominio,
924 873 1064 926 necnon
1099 851 1264 926 omnibus
1299 855 1524 940 utilitatibus,
1561 853 1740 938 censibus,
1771 844 1980 938 redditibus,

455 981 545 1073 agris,
575 967 722 1056 campis,
754 965 878 1057 pratis,
913 964 1026 1052 aquis,
1061 961 1263 1054 paludibus,
1299 966 1448 1054 stagnis,
1479 962 1592 1048 siluis,
1625 963 1778 1046 maricis,
1802 959 1979 1051 virgultis,

331 1165 333 1170 ,
455 1083 582 1170 rubetis,
606 1073 711 1162 aruis
734 1077 771 1142 et
793 1071 1007 1161 generaliter
1029 1069 1196 1142 omnibus
1220 1075 1256 1142 et
1278 1091 1456 1142 vmuersrs
1479 1070 1605 1142 vsrbus
1629 1069 1675 1142 ad
1699 1069 1833 1142 dictam
1856 1070 1980 1142 villam

454 1182 669 1292 quomodouis
697 1177 953 1271 spectantibus,
978 1199 1048 1268 que
1069 1199 1165 1251 nunc
1189 1182 1274 1250 sunt
1292 1180 1350 1251 uel
1366 1182 1600 1272 imposterum
1626 1177 1875 1270 quoquomodo
1898 1177 1978 1270 iierj
2084 1197 2087 1204 ·

455 1297 583 1403 possint,
607 1287 806 1376 secundum
829 1291 935 1378 prout
958 1287 1083 1358 eedem
1106 1287 1193 1358 villa
1216 1290 1425 1374 liotbpczno
1455 1291 1491 1358 in
1523 1289 1599 1358 suis
1630 1289 1802 1378 granicijs
1831 1290 1867 1358 et
1890 1285 1980 1358 limi·

454 1411 535 1485 ubas
556 1399 626 1470 late
655 1394 831 1484 longeque
860 1400 916 1466 est
944 1393 1099 1466 limitata
1122 1399 1158 1466 et
1181 1394 1361 1480 distincta,
1394 1399 1489 1468 sicut
1518 1397 1616 1466 solus
1646 1397 1763 1466 tenuit
1785 1399 1821 1466 et
1843 1393 1979 1478 habuit,
2087 1451 2091 1458 .

456 1508 550 1594 nichil
571 1503 639 1576 sibi
662 1503 730 1574 uel·
743 1503 821 1574 suis
844 1501 1117 1594 proximioribus
1141 1505 1179 1574 in
1201 1504 1362 1594 predicte
1383 1504 1470 1574 ville
1496 1505 1584 1574 iuris
1615 1501 1673 1572 uel
1697 1500 1846 1594 dominij
1872 1495 1998 1572 roser?

454 1616 566 1699 nando,
606 1610 716 1682 nobili
755 1609 914 1682 lacussio
953 1609 1077 1694 heredi
1111 1609 1155 1681 de
1194 1613 1447 1682 Protnnoaicae
1485 1615 1521 1682 et
1558 1611 1672 1702 ipsius
1711 1610 1980 1681 successoribus

453 1729 579 1806 racione
601 1719 895 1790 commutacionis
918 1737 982 1810 pro
1004 1718 1092 1790 villa
1119 1718 1216 1790 dicta
1242 1720 1431 1806 Praeprzeb
1467 1722 1503 1789 et
1534 1737 1597 1809 pro
1628 1719 1818 1806 tringentis
1849 1719 1980 1788 marcis

453 1841 590 1917 tatarum
611 1845 819 1916 grossorum
843 1825 1078 1916 Pragensium
1108 1829 1248 1898 numeri
1272 1825 1428 1897 Polonici
1459 1826 1621 1896 consueti
1642 1823 1812 1912 thvlll)
1836 1844 1980 1914 grossos

453 1957 560 2020 marca
589 1953 653 2027 pro
685 1933 845 2026 qualibet
879 1932 1130 2026 computando,
1167 1935 1412 2017 commutauit,
1447 1932 1610 2004 vendidit
1644 1953 1687 2004 aa
1716 1933 1980 2024 perpetualiter,

453 2047 579 2126 nmbter
599 2045 637 2114 et
658 2061 742 2113 cnm
765 2041 901 2114 ellectu
923 2044 1123 2132 resignauit
1157 2046 1193 2112 et
1221 2040 1329 2113 debet
1359 2041 1480 2132 ipsum
1503 2039 1722 2113 intercedere
1754 2062 1818 2134 pro
1853 2038 1981 2112 eadem

439 2155 526 2239 ,aila
553 2149 610 2222 uel
646 2151 761 2240 ipsius
793 2154 955 2242 posteros
991 2149 1036 2222 ab
1069 2152 1168 2223 omni
1201 2147 1458 2242 impedimento
1494 2149 1685 2220 cuiuslibet
1707 2167 1859 2241 persone
1882 2152 1982 2221 iuxta

452 2255 731 2350 consuetudinem
754 2262 969 2342 terrestrem,
998 2257 1066 2329 sub
1091 2257 1247 2350 dampno
1271 2259 1360 2328 iuris
1383 2257 1572 2328 terrestris.
1618 2257 1659 2328 ln
1683 2258 1786 2328 cuius
1808 2258 1861 2328 rei
1883 2259 1981 2328 testi·

453 2369 596 2444 monium
619 2364 738 2454 sigilla
760 2369 882 2437 nostra
904 2364 1130 2458 presentibus
1155 2368 1240 2437 sunt
1263 2383 1432 2457 appensa.
1479 2364 1614 2436 Datum
1629 2367 1667 2436 in
1692 2365 1875 2436 iboccza'n
1890 2363 1982 2437 laria

450 2477 562 2569 quinta
593 2475 755 2566 proxima
789 2475 873 2544 ante
905 2471 1001 2544 diem
1036 2472 1189 2564 Spiritus
1224 2473 1351 2556 sancti,
1385 2492 1478 2544 anno
1513 2472 1659 2544 Domini
1680 2471 1732 2545 Μο
1755 2469 1882 2545 0000ο
1904 2473 1980 2544 X10.

451 2579 661 2656 neenubus
688 2578 746 2651 his
769 2578 962 2652 nobilibus:
997 2579 1126 2651 Ianisio
1140 2662 1148 2677 ι
1164 2579 1208 2652 de
1242 2581 1445 2666 Banabelno,
1481 2581 1611 2652 Ianisio
1647 2579 1691 2653 de
1723 2584 1978 2666 Borabzoua'cee,

348 2698 357 2711 '
451 2689 603 2763 Dobcone
636 2687 682 2760 de
705 2687 959 2760 Chamontbow
982 2687 1078 2772 obm,
1111 2687 1260 2759 Ianissio
1296 2685 1341 2760 de
1370 2690 1510 2776 Lappa,
1535 2687 1714 2760 Petraseio
1738 2688 1783 2762 de
1812 2690 1981 2761 Ninosto-

451 2791 546 2882 utere,
572 2795 769 2887 Nemyerza
791 2794 837 2866 de
859 2797 1018 2868 Lutoroo
1058 2795 1250 2868 heredibus
1290 2800 1327 2866 et
1364 2795 1446 2888 alite
1484 2815 1593 2886 quam
1618 2795 1793 2900 ‘pluribus
1828 2797 1981 2894 testibus
2037 2811 2038 2816 ‘

451 2901 639 2995 namna.
1063 2909 1065 2913 ’
1119 2949 1125 2962 .

596 3099 683 3159 liber
699 3101 914 3176 prinilassiornna
941 3101 1142 3176 capitularium
1169 3099 1301 3176 kapitnly
1328 3097 1565 3176 metropolitalnei
1584 3101 1806 3176 pmehleaakiei
1825 3121 1841 3159 a
1858 3119 1881 3160 r.
1901 3105 1982 3173 liii,

449 3189 491 3248 et
509 3190 559 3248 iffi
576 3207 602 3248 v.
779 3225 781 3228 -
1759 3219 1764 3228 ·

450 3587 516 3656 ne.
561 3591 658 3704 a411.
683 3585 741 3660 ora
764 3591 818 3660 aa.
843 3589 978 3660 manu
1001 3588 1096 3674 um,
1119 3591 1159 3662 rn
1180 3557 1329 3662 urania.
1381 3697 1390 3709 ι
1545 3565 1549 3571 ’
1615 3587 1618 3594 ’

597 3783 836 3887 Sandluogius
875 3785 920 3858 de
960 3787 1129 3876 Ostrorop
1167 3785 1350 3880 palatinus
1390 3787 1644 3860 Posnaniensis
1669 3793 1725 3861 'et
1769 3791 1979 3884 capitaneos
2009 3859 2016 3870 .

448 3884 579 3964 blalons
611 3889 778 3966 Poloniue
812 3897 976 3980 testatur,
1009 3893 1159 3967 heredes
1195 3889 1240 3968 de
1273 3897 1495 3994 Bubmonica
1516 3897 1664 3981 Minori,
1697 3901 1838 3990 partem
1874 3918 1979 3970 suam

449 3995 597 4072 eiusdem
619 4001 726 4074 ullae
749 4021 833 4074 cum
855 4001 1001 4075 Alberto
1026 4005 1193 4096 episcopo
1215 4003 1450 4086 Poonaniensi
1480 4023 1554 4076 uno
1577 4023 1704 4078 manso
1727 4007 1806 4096 agri
1827 4006 1866 4077 ln
1888 4008 1980 4078 Kro-

449 4099 503 4176 lio
521 4114 622 4182 storo
645 4113 896 4183 commutasse.

596 4305 670 4379 Nos
693 4305 933 4398 Sandluoglue
957 4305 1002 4380 de
1025 4309 1193 4399 Ostrorop
1215 4309 1397 4402 palatinus
1425 4307 1678 4382 Poznaniensis
1703 4311 1739 4382 et
1771 4313 1979 4404 capitaneus

448 4399 579 4486 liniatis
600 4413 744 4488 Paionia
768 4416 956 4507 generalis,
980 4415 1231 4506 signiticamus
1256 4421 1377 4490 tenore
1404 4419 1642 4510 presencium,
1673 4418 1803 4509 quibus
1827 4419 1980 4513 expedit,

448 4517 623 4608 voluersis,
657 4521 754 4615 quod
789 4522 836 4596 ad
867 4529 1028 4598 nostram
1051 4528 1088 4596 et
1111 4525 1261 4598 allorum
1285 4523 1446 4598 eiusdem
1477 4531 1571 4597 terro
1598 4525 1771 4598 nobilium
1795 4530 1980 4601 venientes

448 4631 667 4717 presenciam,
691 4631 828 4703 nobiles
852 4631 1049 4724 biscapslro,
1078 4631 1198 4718 Pelka,
1227 4631 1427 4724 Boguialus
1451 4637 1487 4705 et
1508 4632 1658 4706 Lachne
1680 4638 1852 4726 gemranl,
1871 4635 1981 4709 -Sua

448 4725 542 4819 ebna,
572 4735 741 4812 Nicolaus
765 4744 801 4811 et
822 4741 957 4830 Agnes,
993 4739 1144 4813 heredes
1174 4739 1218 4814 de
1240 4741 1369 4814 Minori
1402 4743 1651 4826 Buboaoniceo,
1688 4740 1844 4816 Gunradi
1866 4747 1979 4838 pueri,

447 4849 510 4910 ΜΠ
523 4848 655 4932 coacti,
677 4866 750 4920 noa
773 4847 959 4940 compulsi,
982 4868 1050 4920 nec
1074 4849 1192 4940 aliquo
1215 4869 1332 4924 errore
1349 4849 1505 4936 seducti,
1529 4849 1609 4922 sani
1632 4854 1755 4922 mente
1775 4856 1812 4924 et
1834 4871 1981 4945 corpore

447 4948 638 5040 curantes
674 4959 814 5028 maturo
852 4959 1050 5029 amicornm
1080 4976 1227 5030 suorum
1258 4959 1405 5032 consilio
1437 4957 1635 5051 prehabito,
1667 4961 1781 5030 totam
1818 4962 1981 5054 ipsorum

418 5078 422 5086 '
447 5057 574 5140 tutem
595 5064 634 5136 in
656 5065 936 5150 submoneam)
959 5085 1069 5157 quam
1091 5065 1147 5152 ibi
1165 5065 1308 5151 habent,
1339 5067 1624 5139 commutacione
1653 5084 1737 5138 cum
1759 5067 1980 5140 reuerendis·

446 5157 529 5236 timo
551 5168 589 5242 ln
610 5169 751 5244 cbristo
773 5177 885 5264 patre,
909 5171 1054 5246 domino
1076 5173 1222 5246 alteru
1245 5175 1412 5268 episcopo
1436 5173 1671 5246 Poananiensi
1690 5172 1798 5262 lacta,
1821 5194 1885 5268 pro
1908 5195 1979 5249 vno

447 5279 563 5348 moso
592 5277 704 5352 libero
726 5281 765 5352 io
786 5282 947 5373 Antiqua
980 5281 1121 5372 oroopa
1156 5285 1192 5353 et
1225 5285 1370 5355 cannam
1406 5284 1537 5354 marcis
1569 5301 1778 5373 grossorum
1813 5282 1979 5370 latorum,

446 5371 508 5448 ribi
529 5380 623 5460 dicto
647 5385 791 5460 domino
814 5391 979 5482 episcopo
1013 5389 1248 5462 Poananiensi
1286 5395 1323 5462 et
1352 5392 1467 5484 ipsius
1499 5391 1769 5463 successoribus
1808 5395 1980 5466 amonica

446 5473 662 5582 intrantium,
684 5497 752 5568 rite
774 5497 811 5568 at
832 5496 1094 5572 racionabiliter
1115 5497 1354 5572 vendiderunt
1375 5502 1412 5572 et
1427 5501 1680 5602 ascripserunt,
1704 5519 1788 5572 cum
1808 5500 1976 5574 omnibus
