4722 6360
324 560 394 646 ,110

329 759 471 850 ,partos
495 753 642 831 easdem
665 759 867 853 propositis,
898 761 1021 852 petitis
1052 762 1088 832 et
1110 755 1294 853 productis
1326 761 1364 832 et
1392 780 1516 834 comm
1545 761 1698 837 testibus
1721 767 1762 838 et
1780 771 1869 862 regl-

328 866 435 952 ,stris
458 865 641 957 regalibus
664 872 702 938 et
724 868 874 939 ecclesie
896 866 1149 940 Pomaniensis
1174 867 1352 940 antedicta
1376 873 1574 962 ceterisque
1596 871 1868 964 probaclcnibus

327 973 558 1060 ,earumdem
581 976 619 1049 ln
642 979 795 1062 tantum,
824 981 866 1048 ut
889 977 1004 1047 eciam
1026 975 1261 1048 veterioribus
1289 977 1607 1068 pmuocacionibus
1634 983 1867 1072 renunciaret,

328 1099 414 1175 ,per
435 1084 773 1174 pronunciationem
797 1089 955 1156 nostram
971 1081 1100 1155 debitis
1116 1085 1306 1176 instancijs
1322 1085 1553 1178 postularent.
1601 1059 1706 1170 casu
1724 1091 1868 1166 nomine

328 1191 526 1276 ,inuocata
541 1209 606 1282 pro
620 1191 789 1264 tribunali
806 1189 973 1264 sedentes
985 1196 1022 1262 et
1035 1191 1152 1263 solum
1163 1190 1282 1264 Deum
1296 1213 1360 1286 pre
1379 1192 1492 1265 cerdis
1506 1193 1691 1282 habentne,
1702 1197 1867 1274 inuocato

328 1296 498 1384 ,musitio
520 1301 728 1390 peritorum,
761 1299 892 1391 qulbus
915 1299 1130 1371 relacionem
1152 1299 1307 1372 fecimus
1337 1300 1535 1394 plenariam
1556 1309 1605 1374 et
1635 1323 1699 1396 per
1721 1324 1774 1392 ea,
1799 1325 1868 1398 que

328 1423 393 1492 ,ex
408 1406 704 1480 attemaclonibus
720 1412 756 1480 et
776 1407 882 1480 dictis
904 1409 1053 1480 testium
1077 1425 1196 1480 coram
1220 1407 1324 1479 nobis
1347 1407 1599 1502 productomm
1615 1413 1652 1484 ln
1668 1410 1736 1488 hoc
1759 1431 1869 1488 causa

327 1509 506 1602 ,vidimus
541 1519 578 1585 at
610 1517 845 1604 cognoulmus
874 1513 1111 1606 addemusque
1143 1518 1180 1587 ei·
1209 1519 1470 1605 cognoscimur,
1500 1538 1564 1610 per
1592 1517 1686 1590 hanc
1708 1525 1867 1596 nosbam

326 1623 580 1709 ,sentenciam
613 1643 722 1714 quam
745 1625 782 1695 in
806 1623 879 1715 hijs
902 1625 1045 1716 scriptis
1068 1621 1228 1706 ierimus,
1262 1627 1552 1716 pronunciamus
1582 1623 1807 1700 decernimus
1830 1634 1866 1703 et
1905 1691 1909 1698 .

205 1733 214 1746 ⁰
327 1728 573 1818 ,declaramus
605 1733 642 1802 iu
678 1729 784 1803 dictis
816 1731 921 1816 uillis,
959 1735 1035 1802 tam
1068 1732 1196 1802 minori
1232 1731 1410 1817 anrtlaici,
1448 1751 1555 1824 quam
1592 1735 1706 1806 eciam
1740 1737 1864 1810 maiori

297 1839 519 1926 ,Oronhki
553 1838 709 1912 abalim
738 1839 852 1912 luisse
889 1843 927 1911 ct
957 1857 1037 1911 esse
1062 1857 1166 1930 agros
1200 1837 1378 1932 prediales
1413 1843 1450 1912 et
1484 1840 1677 1926 allodiaies,
1712 1843 1774 1934 qul
1803 1864 1865 1928 oro

327 1944 504 2033 ,dominis
536 1951 574 2018 et
602 1946 794 2020 heredibus
823 1946 990 2019 villarum
1020 1949 1191 2040 ipsarum,
1224 1965 1362 2019 necnon
1393 1951 1430 2018 et·
1459 1947 1548 2021 ahos
1582 1949 1770 2022 rusticulas
1801 1971 1866 2024 seu

327 2053 536 2142 „censuales
560 2074 666 2146 agros
689 2059 726 2126 et
749 2073 904 2140 mansos,
935 2055 997 2145 qui
1026 2074 1091 2148 per
1117 2057 1271 2126 rusticos
1305 2059 1340 2126 ei
1369 2053 1583 2128 kmethoncs
1612 2028 1677 2149 pro
1706 2059 1865 2150 tempore

328 2166 386 2250 ,in
408 2162 516 2236 dictis
537 2163 634 2235 villis
657 2161 899 2234 inhabitantes
924 2166 960 2233 et
982 2181 1047 2254 per
1068 2164 1166 2254 ipsos
1191 2161 1397 2235 arcibantur
1415 2168 1452 2233 et
1467 2162 1684 2250 calchantem,
1708 2163 1864 2240 decimas

328 2289 491 2362 ,quoque
514 2274 675 2344 omnium
699 2269 881 2342 imcumm
916 2273 1023 2360 atque
1051 2268 1210 2360 frugum,
1241 2271 1302 2360 qui
1331 2289 1396 2363 pro
1426 2275 1586 2364 tempore
1615 2272 1866 2346 excrescebant

275 2487 277 2490 Ι
328 2381 386 2465 ,in
410 2377 547 2451 eisdem
571 2377 800 2451 censualibus
823 2397 888 2452 seu
911 2381 1127 2450 misticorum
1159 2379 1255 2467 agris
1279 2379 1382 2450 titulo
1414 2377 1611 2452 dotacionis
1634 2384 1671 2451 et
1692 2377 1796 2452 iuudl
1819 2380 1865 2454 ad

318 2486 464 2597 ,dicus
487 2488 738 2560 canonicatum
762 2490 799 2557 et
819 2483 1050 2578 prebendam,
1083 2504 1173 2576 quos
1200 2484 1362 2578 prefatus
1386 2485 1552 2558 dominus
1575 2486 1725 2559 liichael
1749 2485 1865 2562 dcem

328 2599 468 2681 ,tunam
491 2592 615 2666 doctor
643 2597 682 2666 in
712 2592 810 2666 dicta
832 2593 984 2666 ecclesia
1012 2592 1246 2666 Poananicnsi
1279 2595 1424 2686 opturet,
1462 2592 1508 2666 de
1536 2593 1758 2670 allodialibus
1781 2617 1865 2669 vero

329 2707 385 2789 ,et
415 2700 642 2775 dominorum
678 2703 774 2792 agris
809 2705 846 2773 et
880 2703 1033 2774 araturis
1067 2699 1112 2772 ad
1146 2699 1282 2772 dictam
1316 2701 1505 2773 ecclesiam
1537 2702 1796 2795 parrochialem
1827 2707 1864 2776 in

329 2811 487 2897 ,Sraodo
515 2813 594 2883 lure
624 2808 837 2914 parrochiali
861 2813 897 2881 et
919 2813 1074 2881 rectores
1104 2829 1168 2902 pro
1192 2813 1352 2902 tempore
1376 2808 1568 2883 eomndem
1592 2812 1807 2904 pertinuisse
1830 2817 1866 2885 ei

329 2923 543 3012 ,spectasse
576 2921 745 3010 ipsosque
768 2919 1017 2988 canonicatum
1051 2920 1086 2988 et
1108 2915 1326 3008 prehendam
1362 2936 1405 2989 ac
1435 2919 1624 2990 canonicos
1657 2937 1779 2992 eorum
1801 2939 1865 3014 pro

329 3029 510 3120 ,tempore
531 3029 570 3098 in
594 3024 817 3097 censualium
848 3027 885 3096 et
906 3023 1140 3109 rusticalium,
1172 3024 1361 3096 ecclesiam
1385 3045 1469 3098 vero
1502 3028 1540 3098 in
1570 3027 1707 3098 Srzodo
1729 3029 1767 3099 ln
1789 3047 1864 3120 pre

328 3132 499 3220 ,dlallum
537 3151 704 3223 agronrm
742 3133 975 3226 percepcione
1009 3138 1045 3203 et
1078 3135 1305 3224 possessione
1333 3129 1553 3210 decimarum
1589 3137 1864 3227 prescriptorum

329 3240 464 3329 ,luisse
488 3246 525 3313 et
546 3261 637 3326 esse,
672 3245 709 3311 et
742 3259 839 3312 nunc
861 3238 1101 3312 restituendos
1139 3244 1173 3311 et
1208 3238 1478 3332 reintegrandos
1501 3240 1688 3332 utrobique
1719 3241 1796 3315 iore
1830 3247 1866 3314 st

328 3351 573 3437 ,medurimus
589 3367 632 3421 ac
646 3350 918 3438 reintegremus,
943 3349 994 3418 ita
1008 3346 1185 3430 uidelicet,
1209 3345 1305 3438 quod
1328 3367 1411 3420 cum
1430 3347 1581 3440 predicti
1598 3351 1674 3440 agri
1690 3349 1864 3442 prediales

330 3461 387 3545 ,et
408 3459 625 3530 rusticorum
649 3453 738 3528 odeo
761 3454 869 3527 simul
893 3455 1074 3527 conternati
1096 3460 1131 3527 et
1155 3457 1321 3548 permixti
1345 3458 1419 3527 sint
1442 3459 1549 3548 atque
1580 3455 1730 3543 coniusi,
1756 3461 1798 3529 vt
1820 3455 1864 3530 ab

330 3567 515 3653 „invicem
539 3567 645 3658 prout
669 3567 771 3636 erent
793 3565 1000 3653 antiquitus,
1025 3565 1161 3634 secerni
1181 3582 1253 3634 non
1268 3562 1421 3648 valeant,
1446 3565 1602 3656 equitate
1618 3570 1655 3636 et
1669 3566 1866 3656 quantitate

329 3679 459 3765 ,atque
481 3671 654 3763 qualitate
677 3669 854 3744 dictorum
876 3675 1108 3762 virorumque
1132 3690 1298 3760 agrorum
1322 3677 1483 3764 pensata,
1508 3676 1545 3744 et
1566 3675 1711 3766 propter
1730 3671 1864 3746 bonum

330 3783 450 3874 „pacis
475 3785 511 3852 ei
533 3778 721 3852 concordie
743 3783 914 3871 perpetuo
938 3777 1159 3862 diuaturum,
1189 3778 1339 3871 predicti
1365 3783 1595 3852 canonicatus
1619 3784 1655 3852 et
1677 3779 1864 3872 prebenda

329 3909 441 3982 ,quas
464 3887 582 3960 dietus
606 3886 773 3958 dominus
796 3885 947 3958 llichael
971 3889 1116 3979 optinet,
1141 3893 1178 3958 ct
1200 3889 1278 3979 ipso
1301 3884 1468 3958 dominus
1491 3886 1642 3960 hlichael
1666 3909 1709 3960 ac
1726 3909 1865 3962 sucees-

329 4017 450 4084 ,sores
485 3999 573 4080 cius,
607 3996 669 4086 qui
691 3993 826 4066 luerint
856 4013 920 4086 pro
953 3999 1122 4086 tempore,
1158 3997 1196 4064 in
1229 3993 1325 4066 dicta
1356 3994 1442 4066 villa
1473 3994 1596 4066 Maiori
1632 3997 1800 4068 ozormoi
1822 3996 1865 4068 de

330 4103 517 4192 ,omnibus
542 4105 638 4193 agris
662 4104 715 4174 sic
737 4103 933 4194 permixtis
965 4105 1043 4172 siue
1066 4103 1104 4173 in
1127 4105 1309 4194 posterum
1339 4105 1517 4192 segregati
1548 4105 1625 4174 siue
1652 4103 1757 4176 locati
1780 4103 1864 4195 legl-

330 4215 438 4300 ,tlme
460 4211 605 4296 luerint,
636 4215 709 4282 tres
732 4213 852 4304 partes
883 4229 949 4281 seu
971 4209 1129 4281 valorem
1158 4215 1194 4280 et
1217 4211 1486 4282 estimacionem
1516 4230 1579 4303 pro
1604 4210 1738 4283 eisdem
1762 4213 1865 4284 annis

233 4312 239 4321 ’
329 4320 503 4411 „singulis
526 4320 708 4412 perpetuis
733 4317 777 4389 ab
801 4318 952 4389 eeclesia
981 4319 1019 4389 ln
1046 4318 1192 4400 Beseda,
1225 4339 1247 4389 a
1276 4317 1414 4410 prefato
1446 4318 1588 4390 donnino
1618 4319 1865 4392 Batnholomeo
1991 4351 1998 4360 ·

328 4431 508 4519 ,eiusque
540 4429 601 4518 qui
629 4445 693 4520 pro
717 4428 876 4518 tempore
899 4425 1043 4510 luerint,
1067 4425 1274 4511 rectoribus,
1299 4428 1368 4518 ipsi
1392 4446 1475 4497 vero
1499 4427 1648 4498 ecclesie
1671 4429 1708 4498 in
1730 4427 1866 4499 Sraodo

329 4543 388 4624 ,ct
409 4539 487 4608 eius
511 4537 639 4606 rectori
662 4539 827 4624 quartam
849 4538 1001 4626 partem,
1025 4537 1061 4604 in
1086 4534 1169 4606 uilla
1194 4553 1277 4605 vero
1301 4533 1427 4605 llinoni
1452 4535 1621 4604 Caerellia·
1644 4534 1808 4607 similiter
1821 4532 1865 4605 de

329 4646 447 4736 ,agris
470 4645 667 4733 venusque,
690 4647 766 4713 tam
783 4639 1010 4734 predieiibus,
1035 4645 1108 4712 tana
1126 4640 1365 4726 ursticalibus‚
1391 4645 1442 4712 sic
1459 4642 1629 4726 contusis,
1653 4641 1739 4714 dicti
1763 4661 1864 4713 cauo·

329 4756 491 4841 ,nicetus
516 4755 552 4822 ei
574 4748 754 4843 prebende
777 4753 813 4820 ot
836 4747 1002 4820 dominus
1025 4749 1176 4820 llichael
1201 4751 1329 4839 suique
1352 4769 1588 4836 antecessores,
1618 4752 1777 4821 canonici
1801 4767 1864 4843 pro

328 4865 520 4954 ,tempore
545 4857 636 4930 duas
659 4863 779 4950 partes
803 4859 1046 4929 cstinracionis
1077 4863 1110 4928 ct
1134 4857 1291 4928 valorem
1325 4877 1389 4950 ltro
1420 4857 1556 4928 eisdem
1587 4857 1630 4929 ab
1655 4857 1807 4929 eeclesia
1828 4859 1863 4928 in

177 5021 181 5028 .
329 4969 488 5056 „Sraoda
510 4971 547 5039 et
570 4966 714 5038 domino
737 4964 986 5037 Bartholomeo
1011 4970 1047 5036 et
1070 4963 1151 5057 alijs
1175 4965 1372 5037 rectoribus
1403 4964 1574 5050 cirrsdem,
1608 4967 1669 5056 qen
1692 4985 1755 5057 pro
1778 4971 1864 5036 tcm-
1992 4975 1999 5054 ξ
2230 5036 2281 5108 rb
2302 5040 2319 5106 t

1991 5055 1999 5078 ⁹
2125 5054 2358 5131 quemne

329 5096 435 5169 „pore
457 5075 601 5158 luerint,
625 5075 694 5166 ipsi
718 5092 802 5144 vero
827 5073 977 5144 ecclesie
1000 5075 1146 5144 terciam
1170 5079 1309 5166 partem
1333 5071 1427 5144 dicte
1451 5073 1588 5144 decime
1612 5075 1771 5144 omnium
1794 5072 1865 5144 iru-

330 5204 438 5275 „gum
470 5189 507 5254 et
541 5183 734 5266 fructuum,
771 5184 831 5273 qui
854 5183 1066 5274 proueniant
1088 5201 1151 5273 pro
1175 5185 1345 5273 tempore,
1378 5183 1584 5274 percipient,
1620 5200 1726 5271 quam
1751 5181 1864 5257 eciam

329 5293 530 5382 ,decimam
552 5294 630 5383 lpse
654 5295 690 5363 ei
713 5309 939 5362 successores
963 5289 1030 5372 sui,
1054 5295 1209 5361 rectores
1234 5289 1383 5361 ecclesie
1399 5293 1435 5360 in
1450 5289 1596 5372 Srzodo,
1621 5309 1684 5380 pro
1707 5294 1865 5380 tempora

266 5479 270 5486 ,
329 5400 517 5491 „colligere
540 5403 576 5470 ei
599 5398 778 5472 decimare
802 5419 843 5470 ac
868 5401 903 5468 iu
928 5398 1005 5469 loco
1028 5417 1098 5468 vno
1121 5397 1238 5469 locare
1266 5403 1303 5468 et
1326 5402 1400 5469 tam
1424 5396 1614 5469 heredibus
1638 5416 1745 5486 quam
1768 5393 1865 5466 lune·

2075 711 2340 814 ,ecclesiastica

2074 829 2243 924 ,quidem
2265 844 2355 900 cauo

2077 935 2195 1028 ,modi
2212 936 2337 1032 partes

2076 1045 2251 1139 ,suturas
2272 1037 2356 1136 ips¹

2078 1153 2242 1246 ,domino
2263 1147 2360 1224 hilch

2080 1255 2358 1355 ,compellendo

2080 1387 2277 1466 ,ww
2310 1400 2315 1429 ι
2348 1397 2355 1427 ι

2082 1479 2221 1568 „tenete
2242 1493 2309 1550 nos

2084 1588 2350 1676 ,memoratam

2085 1693 2251 1785 ,Domui
2278 1687 2332 1764 Μο

2086 1793 2222 1897 ,paulo
2253 1802 2292 1872 dt
2325 1794 2361 1869 d·

2087 1928 2208 1999 ,anno
2223 1907 2351 2002 primo,

1981 2034 1982 2039 ‘
2026 2071 2028 2076 ι
2089 2013 2192 2106 ,ante
2214 2009 2341 2110 prandi

2089 2145 2176 2215 ,nos
2198 2122 2351 2212 lierim

2092 2238 2150 2325 ,et
2171 2231 2284 2306 nostrl
2306 2249 2326 2300 s
2345 2258 2361 2309 :⁴

2093 2339 2177 2430 ,hill
2197 2340 2286 2424 uiro,
2320 2333 2359 2408 d·

2094 2447 2269 2539 ,dominis
2291 2442 2337 2516 Ni

2078 2553 2266 2646 ,ecclesie
2301 2551 2360 2626 Po

2097 2663 2260 2765 „amu
2282 2658 2353 2746 o.

2097 2774 2222 2861 ,ntem
2244 2788 2291 2842 no
2316 2798 2319 2827 :

2099 2885 2156 2969 ,et
2169 2877 2300 2970 ‘vicarii
2348 2907 2354 2937 ·

2101 2993 2159 3078 ,et
2180 3004 2289 3059 cause
2310 3003 2335 3076 p

2100 3097 2216 3184 ,cloni
2239 3089 2360 3164 omnib

2102 3209 2245 3292 ,rentur
2272 3204 2309 3286 et

2101 3315 2176 3400 ,sic
2198 3309 2279 3382 iteri
2300 3307 2353 3378 vi·

2106 3419 2336 3509 ,comeripta

2101 3527 2294 3618 ,Iohannis
2316 3524 2355 3594 iu

2108 3637 2242 3732 ,solitis
2265 3650 2338 3704 vna

2108 3742 2240 3832 ,iidem
2263 3745 2300 3812 et
2321 3743 2350 3810 t·

2269 3845 2343 3919 Nos
2359 3862 2361 3865 ’

2106 3959 2297 4035 dominum
2314 3952 2358 4024 B:

2107 4088 2192 4164 ,mm
2214 4061 2361 4136 interes·

2113 4193 2300 4251 monemus
2333 4189 2358 4262 p

2115 4285 2209 4356 inira
2232 4297 2323 4354 noue

2118 4388 2304 4466 Sarodeusl
2327 4385 2356 4456 i:

2118 4519 2202 4572 cum
2225 4495 2334 4568 eiiect

1991 4579 1999 4668 i
2118 4613 2182 4693 aa,
2205 4602 2354 4677 africam

1991 4753 2000 4780 .
2121 4715 2298 4796 ellectiue,
2323 4729 2346 4800 q

2121 4843 2183 4916 pro
2207 4821 2316 4894 tercio
2340 4837 2360 4888 e

2123 4929 2351 5022 singulariter

1993 5151 2000 5204 i
2126 5165 2276 5229 exnunc,
2299 5145 2341 5214 ut

1992 5251 2000 5302 ὅ
2129 5275 2198 5358 que
2221 5248 2342 5325 omnib

1995 5387 2000 5431 a
2130 5360 2284 5442 caclonls
2307 5377 2347 5430 se

329 5507 520 5599 ,thonlbus
544 5513 579 5578 et
602 5505 807 5578 hominibus
832 5505 912 5598 alijs
936 5504 1186 5576 communibus
1210 5507 1247 5576 in
1271 5511 1421 5595 viraque
1444 5505 1609 5576 villarum
1625 5503 1863 5597 predictarum
1994 5504 2001 5588 ξ
2127 5489 2220 5556 ¹⁰³⁸»
2255 5461 2355 5561 predi
