4706 6356
470 714 521 786 49.
570 693 666 774 1404}
692 699 750 772 die
774 705 805 774 8.
830 702 966 772 mensis
989 699 1137 793 Aprilis,
1158 700 1355 780 Lanciciae.

570 965 572 969 .
625 899 806 972 lacussius
830 897 875 970 de
902 899 1059 988 Slopceo
1091 901 1248 990 quinque
1272 918 1417 994 mansos
1449 901 1526 988 agri
1555 900 1594 970 in
1623 901 1779 988 scupea
1802 897 2011 970 Swansconl

469 1016 512 1090 de
533 1009 727 1086 Xaeernioo
751 1011 787 1080 et
809 1007 956 1080 Hancae
979 1009 1079 1080 uxori
1102 1009 1181 1080 cius
1205 1009 1243 1078 in
1256 1005 1374 1080 XXX
1398 1009 1528 1078 marcis
1553 1009 1694 1100 pignori
1718 1005 1861 1094 obligat.

625 1205 700 1278 Nos
738 1204 864 1278 Petrus
901 1203 1008 1276 iudex
1049 1223 1188 1276 necnon
1222 1203 1394 1276 Derslaus
1433 1203 1610 1277 subiudex
1644 1207 1737 1276 terre
1768 1203 2011 1277 Lanciciensis

469 1313 660 1412 generales,
684 1312 946 1403 signilioamus,
978 1311 1108 1402 quibus
1132 1311 1284 1404 expedit,
1316 1313 1506 1399 uniuersis
1539 1311 1635 1403 quod
1657 1315 1696 1384 in
1718 1317 1842 1384 nostra
1863 1331 1928 1404 pro
1952 1314 2011 1383 tri-

470 1423 588 1500 bunali
605 1424 820 1493 constitutus
836 1423 1022 1513 presencia
1050 1419 1229 1492 Iocussius
1253 1419 1298 1491 de
1321 1421 1486 1508 Siapcao,
1516 1440 1628 1493 sanus
1652 1425 1773 1492 mente
1796 1425 1832 1492 et
1855 1439 2011 1512 corpore,
2111 1441 2113 1446 ·

471 1532 649 1619 animique
676 1528 771 1601 bona
805 1549 888 1600 cum
923 1527 1193 1612 deliberacione,
1229 1531 1386 1619 quinque
1417 1549 1562 1601 mansos
1592 1548 1779 1622 possessos
1810 1527 1942 1600 ibidem
1973 1531 2012 1600 in

473 1635 1058 1730 stupea1),adipsumpatama
1085 1655 1128 1708 ex
1161 1637 1388 1708 successione
1418 1641 1632 1728 spectantes
1663 1633 1813 1707 honeste
1842 1655 1886 1706 ac
1914 1634 2011 1708 uobi-

470 1748 562 1821 libus
584 1745 706 1816 Hence
734 1762 872 1816 necnon
896 1743 1151 1817 Swanscbccni
1174 1742 1219 1814 de
1242 1745 1437 1814 Kozemioo
1461 1747 1604 1816 racione
1628 1741 1721 1814 dotis
1744 1741 1853 1814 XXX
1876 1763 2011 1814 marca·

389 1887 394 1897 =
469 1873 547 1930 rum
569 1871 777 1942 grossorum
799 1852 953 1924 latorum
976 1851 1221 1942 Pragcnsium,
1252 1854 1394 1923 numeri
1416 1849 1574 1923 Polonici
1597 1852 1719 1924 fassus
1743 1854 1799 1922 est
1821 1850 2011 1942 obligasse,

469 1979 589 2056 ymmo
612 1979 733 2032 coram
755 1958 870 2044 nobis,
894 1964 935 2031 vt
956 1961 1045 2031 iuris
1069 1963 1134 2044 est,
1158 1957 1332 2048 obligauit
1355 1979 1438 2030 cum
1462 1959 1606 2044 ellectu,
1638 1979 1721 2030 cum
1746 1957 1912 2030 omnibus
1935 1978 2012 2052 pre·

472 2071 645 2142 dictorum
668 2086 876 2140 mensomm
898 2069 1142 2159 pertinencijs,
1173 2065 1382 2152 redditibus,
1407 2068 1583 2152 censibus,
1614 2066 1752 2139 iuribus
1776 2071 1813 2136 et
1834 2065 2011 2137 fructibus

376 2169 379 2175 ‘
458 2177 655 2260 saluersis,
678 2179 785 2268 prout
807 2174 905 2246 solus
929 2177 1026 2266 ipsos
1051 2193 1196 2248 maneos
1220 2177 1298 2246 siue
1313 2173 1527 2246 kmethones
1547 2177 1663 2247 tenuit
1680 2177 1716 2246 et
1731 2173 1866 2260 habuit,
1891 2179 2012 2247 tenen·

469 2285 542 2368 dos,
566 2281 749 2355 habendos
780 2287 818 2356 et
847 2280 1092 2376 possidendos,
1124 2302 1145 2355 a
1175 2281 1373 2355 Natiuitatc
1404 2281 1550 2355 Domini
1584 2282 1630 2355 ad
1652 2281 1889 2354 Natiuitatem
1913 2285 2012 2356 iuxta

471 2395 527 2466 ius
549 2391 586 2464 et
615 2389 913 2464 consuetudinem
947 2394 1152 2462 terrestrem
1185 2389 1334 2476 tamdiu,
1368 2409 1552 2482 quousque
1589 2391 1796 2464 memoratis
1818 2391 1940 2462 Hence
1976 2397 2014 2464 et

472 2498 726 2574 Suanschconi
755 2517 876 2572 marce
904 2499 1054 2590 triginta
1083 2497 1222 2592 prefate
1251 2499 1387 2570 fuerint
1416 2498 1604 2591 persolute.
1651 2499 1692 2570 In
1715 2499 1819 2570 cuius
1841 2501 1892 2570 rei
1916 2501 2013 2570 testi·

364 2679 372 2691 ,
473 2609 632 2680 monium
655 2605 776 2697 sigilla
802 2610 926 2678 nostra
954 2605 1181 2698 presentibus
1209 2608 1295 2678 sunt
1325 2625 1493 2699 appensa.
1539 2608 1673 2678 Actum
1704 2610 1740 2677 et
1770 2605 1894 2678 datum
1924 2605 2014 2678 Lan·

471 2717 558 2788 ciclo
580 2715 693 2787 tereto
713 2713 806 2786 teria
828 2717 911 2808 post
933 2712 1158 2786 Conductum
1180 2713 1319 2786 Pascha
1342 2713 1410 2786 sub
1435 2733 1528 2786 ennc
1552 2712 1699 2790 Domini
1715 2715 1905 2786 millesimo
1929 2734 2014 2806 qua·
2056 2797 2060 2804 ,

472 2821 751 2912 dringentesimo
775 2825 911 2913 quarto.
958 2820 1187 2896 Presentibus
1222 2822 1401 2894 nobilibus
1424 2823 1522 2907 viris,
1547 2821 1702 2894 dominis
1735 2821 1913 2894 Stanisleo
1936 2826 2012 2917 pin-

470 2949 586 3014 cerna,
620 2927 827 3002 Pasehcone
849 2929 992 3002 tribuno
1028 2928 1331 3015 Lanciciensibus,
1365 2928 1512 3002 Nicolao
1549 2928 1685 3002 decano
1709 2927 2012 3016 Wladislauiensi,

476 3035 685 3111 wladimiro
709 3035 754 3108 de
775 3037 1017 3123 Siaaooocboaa,
1047 3036 1224 3112 Petrassio
1255 3036 1300 3114 do
1328 3040 1441 3110 Pasti
1470 3057 1513 3110 ac
1536 3037 1618 3130 alijs
1651 3038 1775 3110 multis
1804 3036 2011 3128 iidedignis.

632 3232 801 3293 Dokamont
820 3234 1039 3310 pargnmiaoavy,
1062 3233 1263 3310 pruecboweny
1279 3207 1315 3292 ¹u
1333 3233 1487 3292 ambtwum
1514 3233 1649 3310 kapituly
1669 3205 1905 3310 metropolitalnej
1934 3237 2013 3309 gnie·

474 3321 626 3394 micatskiei
645 3325 696 3398 (N.
714 3323 788 3394 285),
805 3331 960 3400 optauony
972 3323 1023 3398 byl
1040 3324 1204 3400 pierarotnie
1221 3321 1341 3382 deleme
1358 3324 1548 3399 piocaecia'ml,
1565 3342 1604 3382 aa
1620 3323 1748 3398 paskach
1766 3319 2014 3400 pergaminowych

365 3466 375 3484 ,
448 3473 451 3480 ,
470 3413 684 3486 mviaeacnemi,
701 3431 718 3472 a
736 3413 858 3489 ktdrycb
875 3413 1019 3490 paccata&
1035 3414 1117 3489 tylkc
1135 3415 1269 3492 plemma
1285 3431 1302 3472 a
1320 3413 1483 3489 wyoiskiem
1499 3413 1582 3490 again
1599 3415 1804 3490 misacaonym.

626 3594 805 3668 Didiam,
840 3594 910 3654 Daii
936 3593 1028 3654 indm
1045 3593 1111 3654 vict
1139 3594 1178 3666 tei
1206 3613 1304 3668 nasu
1321 3537 1348 3652 ¹ar
1365 3593 1496 3652 damnem
1523 3593 1737 3666 woiewbdztrrie
1765 3594 1939 3669 lqczyckiem
1965 3597 2013 3654 nie

467 3683 585 3756 leuticia
622 3673 663 3744 20
680 3684 728 3742 rai
747 3703 772 3744 ιι
789 3685 957 3760 maieimm
979 3683 1167 3745 commende
1189 3683 1290 3744 cbodzi
1309 3701 1327 3743 o
1345 3681 1413 3756 caii
1431 3683 1506 3753 wisi,
1531 3683 1614 3742 ktora
1631 3683 1739 3759 niegdy
1756 3703 1783 3744 ar
1801 3684 2014 3757 woiewtdztuie

468 3771 639 3938 ffl
665 3774 762 3846 lehis,
789 3773 1018 3885 dopbdvtem,
1043 3775 1301 3882 teektniuieiaey
1323 3773 1659 3850 zosulseanaaypmed
1685 3773 2036 3860 iqdaiqipod'eqdkiem·

469 4263 523 4332 bo.
570 4259 991 4336 1404.dle10.mensu
1013 4261 1160 4356 Aprilis,
1183 4263 1222 4335 tn
1243 4263 1398 4352 szdra
1449 4331 1452 4336 ,

628 4459 786 4533 'lbomco
818 4458 1058 4554 subpinceme
1087 4458 1334 4532 cracoviensis
1364 4463 1401 4532 et
1431 4461 1639 4553 capitaneus
1669 4460 1814 4534 Maioris
1845 4459 2013 4533 Poloniae

430 4619 432 4624 .
470 4563 832 4652 testatur,1acobum
864 4571 904 4646 et
935 4567 1250 4641 Bartholomaeum
1279 4569 1484 4642 scultetiam
1521 4569 1690 4640 villarum
1719 4553 1937 4667 Wroacepoa
1976 4573 2014 4642 et

472 4671 675 4748 Niedcmire
695 4672 842 4749 Nicoleo
865 4673 1134 4766 Zielonodqbski
1156 4675 1241 4750 XVI
1264 4679 1395 4750 marcis
1417 4673 1647 4749 vendidisse

540 4875 548 4894 '
628 4889 669 4964 ln
690 4893 836 4965 uomlne
863 4891 1009 4964 Domini
1039 4911 1154 4965 amen.
1201 4892 1274 4966 Nos
1305 4883 1463 4966 Thomco
1493 4891 1733 4985 subpincema
1763 4891 2013 4966 Cracouiensis

434 5055 438 5064 .
471 4997 507 5067 ct
528 5000 737 5092 capitaneus
758 4999 903 5072 Maioris
925 4999 1070 5076 Polonie
1092 5001 1280 5092 generalis,
1304 5001 1555 5092 significamus
1570 5003 1761 5086 uniuersis,
1784 5003 2011 5094 presentibus

471 5105 506 5174 ct
527 5105 668 5194 tuturis,
705 5111 931 5203 presencium
966 5111 1137 5181 noticiam
1162 5107 1354 5195 habituris,
1393 5107 1488 5202 quod
1522 5107 1569 5182 ad
1603 5111 1763 5182 nostram
1797 5114 1832 5182 et
1860 5111 2012 5184 aliomm

471 5211 630 5287 ciusdem
661 5219 754 5288 terre
781 5215 954 5289 nobilium
977 5219 1163 5290 venientes
1186 5220 1410 5310 presenciam
1440 5215 1581 5311 prouidi
1603 5217 1672 5288 viri
1695 5213 1844 5292 Iacobus
1869 5221 1905 5290 et
1925 5217 2012 5292 Bar·

471 5313 668 5396 tholomeus
691 5324 832 5397 scolteti
856 5324 900 5398 de
922 5325 1050 5398 Minori
1075 5327 1284 5399 Wroaoeiao
1315 5331 1352 5399 et
1381 5325 1426 5399 de
1457 5326 1659 5412 chomire,
1670 5327 1696 5413 ¹)
1726 5346 1800 5399 non
1823 5327 2010 5421 compulsi,

471 5439 540 5508 noa
563 5434 688 5524 coacti,
710 5451 828 5530 neque
850 5451 968 5509 errore
991 5433 1109 5530 aliquo
1133 5431 1283 5526 seducti,
1313 5429 1378 5510 sed
1408 5433 1454 5508 de
1483 5437 1643 5532 ipsorum
1667 5438 1866 5530 spontanea
1887 5435 2013 5512 volun·

1813 5561 1847 5626 '1‘
1884 5603 1889 5615 .
