4706 6356
25 3710 39 3719 f·
81 3660 224 3744 civilis,

0 3965 223 4038 unedone

7 4073 219 4163 ·nilegium

6 4177 219 4252 donacione

6 4292 105 4360 tto
132 4287 217 4360 Gra·

12 4415 134 4466 =anne
168 4393 216 4464 de

3 4534 42 4563 *02
104 4501 237 4574 Petro·

0 4611 44 4681 ιὶ.
68 4649 122 4664 -
144 4607 242 4682 Per·

22 4720 103 4779 r..'
132 4707 213 4791 nfil.

462 783 513 855 ιιι.
561 776 658 848 llos.
683 771 742 848 die
763 775 800 846 n'
821 712 957 848 mensis
980 755 1108 860 ιιιιιιι,
1133 739 1333 848 oncense.
1377 857 1383 870 .
1441 729 1444 736 Ι

616 1005 836 1098 wladislaus
859 959 898 1079 u.
922 1025 984 1080 rer
1007 1005 1175 1080 Poloniae
1190 971 1282 1079 ¹curn
1306 1009 1522 1080 monasterio
1553 1004 1732 1082 Laradensl
1755 1003 1865 1082 vilem
1892 1008 2001 1082 sneo-

461 1125 545 1194 loco
568 1114 662 1190 villis
687 1117 905 1208 Wroocepno
927 1117 1020 1192 mate
1043 1119 1080 1192 et
1101 1117 1308 1192 Nicdomira
1331 1118 1538 1192 commutat.

617 1369 658 1442 ln
694 1371 839 1442 nomine
871 1369 1015 1442 Domini
1049 1389 1165 1442 amen.
1211 1368 1271 1442 Ad
1307 1373 1518 1464 perpetuam
1554 1371 1606 1443 rei
1643 1369 1862 1442 memoriam.
1909 1368 2001 1443 Cum

460 1483 549 1556 inter
571 1477 729 1550 humane
744 1482 872 1550 nature
887 1476 1076 1550 commode
1091 1477 1203 1550 nichil
1222 1477 1365 1568 dignius
1383 1481 1555 1552 memoria
1578 1478 1761 1562 habeatur,
1785 1481 2000 1570 oportunum

459 1588 587 1672 existit,
609 1590 650 1658 ιι
673 1589 775 1658 aetus
806 1585 993 1658 bominum
1021 1586 1222 1660 litterarum
1252 1585 1415 1678 apicibus
1439 1590 1475 1658 et
1497 1589 1644 1659 testium
1668 1587 1901 1659 annotatione
1923 1605 2001 1678 per·

461 1696 668 1770 bennentur.
714 1692 867 1766 Proinde
897 1713 962 1766 nos
987 1693 1207 1766 wladislaus
1239 1693 1307 1766 Del
1337 1697 1461 1784 gracia
1489 1713 1551 1766 rex
1580 1693 1734 1779 Polonie,
1764 1711 1906 1766 necnon
1934 1698 2001 1766 ter·

404 1869 407 1876 .
457 1819 576 1879 rarum
604 1799 785 1887 Graeouie,
809 1799 1042 1886 Sandomirie‚
1067 1801 1215 1887 Siradie,
1238 1801 1416 1886 Lancicie,
1441 1799 1610 1893 Guyauie,
1634 1799 1894 1892 Litbuanisque
1907 1793 2003 1894 prin‘·

458 1930 539 2003 ceps
561 1927 761 2002 supremus,
790 1909 1010 1994 Pomeranie,
1041 1909 1240 2000 Russieque
1268 1907 1438 1982 dominus
1460 1913 1498 1981 et
1519 1910 1624 1982 heres
1648 1913 1714 1980 etc.
1739 1908 2001 1998 significamus,

457 2017 583 2112 qulbus
626 2015 778 2109 expedit,
815 2019 1004 2102 vniuarsis,
1044 2017 1271 2110 presentibus
1311 2022 1348 2091 et
1384 2017 1527 2102 suturis,
1564 2018 1792 2111 presencium
1830 2017 2001 2088 noticiam

458 2125 640 2208 habituris,
665 2123 842 2216 quomodo
867 2125 973 2196 certis
997 2128 1117 2197 causis
1142 2127 1304 2198 animum
1319 2129 1483 2198 nostrum
1506 2124 1734 2198 mouentibus
1758 2127 1795 2196 et
1817 2125 2003 2213 signanter

355 2227 363 2328 j
460 2231 605 2327 speciali
624 2231 701 2304 nelo
734 2230 940 2306 deuocionis
972 2235 1127 2318 accensi,
1157 2235 1342 2327 cupientes
1372 2235 1589 2306 monasterio
1619 2236 1741 2306 nostro
1768 2233 1807 2303 in
1829 2233 1962 2304 Lenda
1976 2235 2002 2318 ¹)

355 2337 362 2406 ἕ
457 2340 500 2422 de
529 2340 655 2413 maiori
679 2338 866 2413 commodo
894 2344 931 2413 et
953 2341 1118 2433 proiectu
1139 2339 1338 2434 prouidere,
1369 2340 1494 2412 villam
1521 2342 1682 2413 nostram
1715 2339 1933 2426 Βοιιιιιιοι
1964 2339 2003 2411 ιι

221 2499 234 2514 .
355 2509 359 2515 .
458 2447 619 2522 districtu
643 2447 843 2522 Gneznensi
872 2450 992 2533 sitem,
1021 2468 1085 2541 pro
1108 2449 1204 2520 villis
1237 2449 1447 2520 Wronczino
1476 2467 1588 2541 paruo
1616 2453 1653 2520 et
1675 2447 1805 2519 minori
1827 2449 1864 2518 et
1885 2447 2003 2518 Nedo-

456 2559 599 2645 mpre,')
621 2557 660 2628 in
683 2553 850 2628 districtu
876 2553 1057 2628 Pisdrensi
1087 2557 1178 2640 sitis,
1207 2577 1291 2628 cum
1312 2555 1509 2636 venerabili
1532 2554 1643 2628 lrstre
1666 2552 1848 2628 Gerhardo
1871 2551 2002 2626 abbate

458 2667 491 2736 et
513 2667 694 2736 conuentu
716 2664 832 2756 ipsius
854 2662 989 2736 ibidem
1015 2665 1054 2736 ln
1076 2665 1210 2736 mado
1235 2666 1304 2736 rite
1328 2667 1365 2736 et
1386 2663 1651 2736 racionabiliter
1672 2665 1838 2753 iustoque
1860 2680 2001 2755 permn-

459 2757 608 2844 taclonls
629 2770 734 2843 titulo
758 2771 969 2844 alterutrum
987 2773 1274 2864 permutnulmus
1291 2775 1328 2844 et
1349 2776 1472 2844 tenore
1493 2771 1721 2864 presencium
1742 2773 2002 2862 permutamus.

457 2875 502 2950 itt
521 2881 564 2950 ιι
584 2877 685 2952 valor
706 2877 950 2972 predictarum
971 2879 1141 2952 villarum
1170 2878 1346 2970 equaliter
1371 2882 1619 2972 compensetur,
1646 2876 1830 2972 predictus
1853 2875 2003 2951 Genum-

458 2983 525 3058 dus
549 2983 659 3058 abbas
683 3005 768 3060 cum
796 3005 863 3060 suo
894 2991 1075 3060 conuentu
1098 2989 1287 3078 sexaginta
1316 3006 1458 3059 mareas
1487 2987 1643 3059 latorum
1665 3005 1872 3077 grossomm
1899 2983 2003 3058 nobis

461 3091 672 3173 redderent
703 3113 768 3188 pro
798 3093 885 3190 villa
918 3095 1098 3168 solome
1131 3093 1178 3167 ad
1211 3093 1315 3167 villas
1349 3093 1529 3188 predictas
1570 3095 1779 3166 Wronceino
1809 3093 1938 3166 minori
1968 3095 2006 3164 et

459 3201 657 3286 Nedamire,
688 3203 806 3294 ipram
833 3201 957 3274 villam
985 3203 1166 3276 nominoe
1199 3201 1389 3275 aNicolao
1420 3200 1466 3275 de
1494 3203 1674 3274 Krobiroro
1703 3201 1898 3294 castellano
1925 3199 2005 3274 Sre·

459 3311 574 3382 mensi
595 3309 799 3383 liberantes.
845 3309 1108 3402 Quamquidem
1140 3314 1178 3383 et
1207 3310 1334 3384 villam
1362 3309 1542 3384 Sokclotoo
1565 3307 1764 3402 predictam
1786 3310 2004 3382 monasterio

456 3413 615 3509 predicto
637 3419 676 3490 ιι
695 3419 829 3490 Mada
842 3437 926 3490 curn
939 3417 1106 3492 omnibus
1125 3421 1203 3491 eius
1217 3419 1462 3512 pertinenciis,
1486 3419 1593 3508 agris,
1617 3417 1856 3508 agriculturis,
1878 3417 2004 3509 pratis,

458 3526 606 3618 campis,
626 3523 774 3610 rubetis,
798 3528 987 3616 quercetis,
1009 3527 1153 3619 pinetis,
1182 3525 1358 3612 fructetis,
1390 3524 1514 3610 bonis,
1538 3523 1651 3610 siluis,
1675 3525 1830 3608 mericis,
1852 3526 2005 3596 nemori·

346 3685 353 3716 ,
458 3627 535 3719 bus,
560 3622 889 3726 aucupaelonibus,
914 3619 1181 3724 vennciorilbus,
1226 3633 1434 3726 mellilicijs,
1470 3633 1631 3726 piscinis,
1670 3633 1872 3726 piscaturis,
1907 3629 2006 3706 lacu·

457 3734 534 3825 bus,
570 3739 772 3834 paludibus,
812 3743 915 3833 equis
952 3746 989 3814 et
1018 3761 1194 3834 aquarum
1233 3739 1454 3827 decursibus,
1493 3738 1717 3824 molendinis,
1742 3739 2005 3825 emolumentis,

458 3843 615 3933 collibus,
649 3847 815 3935 rufflbrrs,
857 3848 1052 3935 montibus,
1094 3848 1273 3935 censibus,
1308 3848 1497 3934 immites,
1535 3845 1745 3933 redditibus,
1779 3848 2004 3934 utilitatibus,

345 4021 350 4028 .
461 3938 704 4044 prouentibus,
737 3955 927 4050 appeudljs
950 3961 987 4030 et
1026 3956 1247 4049 coherencijs
1277 3958 1468 4042 vniuersts,
1499 3959 1607 4050 prout
1639 3955 1766 4028 eedem
1787 3957 1874 4030 vilia
1895 3955 2005 4030 doio·

342 4093 353 4208 l

341 4215 351 4295 ξ
435 4257 438 4262 .

344 4308 348 4319 ι

459 4061 543 4133 lotoe
565 4063 604 4136 lu
626 4065 703 4135 suis
735 4065 852 4149 metis,
890 4065 1061 4156 maniciis
1085 4069 1122 4136 et
1143 4063 1298 4154 gadibus
1332 4064 1378 4138 ab
1407 4067 1553 4156 antiquo
1574 4063 1681 4154 longe
1715 4062 1858 4156 lateque
1881 4067 1919 4136 et
1941 4065 2006 4135 cir·

462 4167 782 4244 cnmiereneiaiiter
814 4176 871 4244 est
898 4172 1054 4265 limitata
1077 4177 1113 4245 et
1136 4172 1316 4259 distincta,
1350 4174 1630 4266 incorporemus,
1668 4171 1911 4263 adiungimus,
1945 4189 2007 4244 an·

459 4277 634 4350 necdmus
668 4282 705 4350 et
748 4282 1035 4373 appropriamus
1061 4283 1245 4374 perpetuis
1287 4280 1508 4374 temporibus
1549 4279 1741 4366 duraturis,
1783 4299 1847 4374 per
1885 4280 2007 4373 ipsum

459 4379 622 4457 abbatem
657 4389 694 4458 et
737 4391 955 4460 conuentum
998 4389 1076 4460 eius
1125 4387 1328 4474 tenendam,
1381 4385 1596 4473 habendam,
1639 4381 1893 4471 vtiiruendm,
1938 4399 2007 4477 nee

457 4505 525 4564 non
558 4491 795 4581 vendendam,
830 4495 1123 4568 commutandam
1162 4500 1200 4568 st
1231 4499 1272 4568 in
1302 4509 1392 4568 vsus
1428 4515 1552 4568 eorum
1583 4493 1827 4590 beneplacitos
1862 4514 2007 4568 conuer-

457 4597 609 4672 ιιιιιιιι
633 4621 676 4674 ee
706 4605 891 4698 perpetuis
922 4603 1145 4697 temporibus
1186 4602 1451 4698 possidendam
1497 4603 1639 4680 Ηιιιιι
1677 4603 1816 4696 quibus
1844 4603 2005 4694 sigillum
2156 4605 2158 4610 '
2303 4635 2306 4644 ι

456 4709 572 4782 nostre
606 4711 806 4783 maiestatis
841 4731 1041 4805 appensum
1075 4715 1132 4784 est
1169 4713 1376 4786 testimonio
1407 4712 1617 4784 litterarum.
1663 4711 1800 4784 Datum
1833 4709 2004 4783 Craeouie
2089 4727 2092 4732 ·

455 4807 543 4888 teria
574 4818 685 4891 tercia
711 4820 874 4911 proxima
905 4822 988 4912 post
1019 4818 1236 4893 dominicam
1267 4819 1464 4906 Inuocauit,
1498 4839 1593 4893 anuo
1629 4818 1777 4891 Domini
1799 4817 1851 4891 llil
1874 4815 2005 4890 0000·

454 4913 520 4993 1110.
543 4921 771 4998 Preseutibus
795 4927 869 5020 hijs
892 4925 1156 5000 venerebilibus
1178 4929 1218 5000 ln
1240 4926 1382 5000 Christo
1411 4927 1575 5020 patribus
1598 4930 1635 4998 et
1658 4923 1829 5000 dominis:
1851 4923 2004 4998 Nicolao

455 5021 498 5098 de
528 5030 655 5104 Gurow
686 5039 812 5107 sancte
845 5033 1064 5110 Gnesnensis
1088 5035 1238 5108 ecclesie
1270 5035 1548 5128 archiepiscopo,
1579 5033 1683 5106 Petro
1707 5033 1937 5107 Cracouiensi
1965 5035 2004 5104 et

454 5131 596 5211 aberro
617 5139 852 5216 Pornaniensi
875 5143 1062 5237 episcopis,
1086 5162 1226 5216 necnon
1247 5143 1378 5216 vnlidis
1401 5145 1629 5236 strenulsque
1651 5143 1741 5216 viris
1774 5143 1934 5218 Iohanne
1957 5139 2004 5215 de

455 5237 635 5320 maesia
665 5249 860 5322 castellano
888 5249 1126 5337 Gracouiensl,
1164 5249 1321 5324 iohanne
1356 5249 1402 5324 de
1435 5253 1612 5326 itmmmro
1642 5251 1880 5340 Crscoulensl,
1911 5255 1999 5330 San·

455 5342 623 5447 dziwogio
659 5356 816 5432 Stridore
853 5357 1087 5434 Ponnaniensi
1116 5359 1297 5456 psiathiis,
1329 5359 1523 5452 multisque
1555 5361 1639 5454 eliis
1661 5364 1795 5436 nostris
1830 5362 2000 5438 fidelibus
