4706 6356
366 577 412 656 'tl

372 780 502 854 medus
525 784 592 854 aut
612 779 738 854 utilius
761 777 942 855 videbitur
964 775 1141 876 expedire.
1184 773 1226 857 In
1250 779 1353 858 culus
1376 777 1428 858 rel
1443 775 1691 860 testimonium
1713 792 1751 864 et
1771 767 1903 885 cuidem

370 891 464 963 ciem
486 889 687 984 pleniorem
708 895 830 964 nostm
854 911 897 964 ae
921 896 1120 964 conuentus
1132 895 1244 966 nostri
1268 893 1398 986 sigillis
1412 899 1598 988 presentes
1621 896 1793 974 iussimus
1814 911 1903 990 roba

368 998 467 1082 rari„
495 999 632 1072 Acbrm
664 1003 702 1072 et
728 997 854 1074 datum
876 1001 916 1072 in
950 999 1055 1074 domo
1090 1000 1327 1074 habindonts
1358 995 1487 1074 'nostre
1523 1002 1614 1076 ieris
1647 1006 1805 1083 secunda
1834 1037 1933 1110 pm·

368 1108 467 1178 xime
504 1109 589 1180 anto
611 1105 770 1182 lostam
814 1107 1079 1193 Pentheooetes‚
1110 1128 1204 1182 enno
1242 1109 1388 1184 Domini
1423 1109 1613 1184 millesimo
1643 1113 1904 1211 quadringente
1987 1144 1990 1147 ·

368 1217 463 1288 simo
485 1215 622 1306 quinto.
669 1215 900 1290 Prssentibus
924 1215 997 1310 les
1024 1217 1178 1290 testibus
1202 1221 1239 1290 et
1260 1220 1423 1312 personis
1447 1221 1590 1306 nostris,
1619 1219 1796 1312 religiosis
1816 1233 1904 1312 vido
1986 1264 1987 1267 κ
2087 1220 2093 1234 '

368 1323 470 1396 licet:
504 1322 617 1396 fratrs
643 1323 802 1398 Iohanne
830 1327 949 1418 priore
983 1329 1020 1396 el
1051 1323 1162 1398 matre
1197 1324 1354 1400 Iohanne
1389 1330 1585 1420 suppriore,
1620 1327 1731 1401 nane
1752 1330 1905 1438 Philippo

368 1433 510 1505 seniore
533 1431 665 1506 abbate
687 1435 908 1525 monasterii,
933 1430 1092 1524 Spiliido
1115 1439 1236 1507 nostru
1253 1435 1422 1506 celeraria
1438 1438 1475 1507 et
1493 1434 1605 1509 tratre
1626 1435 1778 1512 ilenrico
1793 1455 1904 1527 nosbo

369 1539 533 1614 burserio
568 1545 606 1614 et
635 1541 719 1635 alijs
752 1541 949 1633 ltdsdignio
986 1544 1022 1616 et
1054 1541 1202 1616 Nicolso
1235 1545 1385 1630 notario,
1420 1545 1482 1635 qui
1515 1545 1694 1637 premissa
1721 1545 1904 1636 habaltin

216 1636 224 1650 '
371 1651 575 1724 commisso.

307 1817 312 1826 ’
428 1850 430 1854 ’
530 1805 1410 1944 zmemmsmmnnssotnffinrmso

432 2112 435 2120 ·
536 2083 913 2162 amoenum.
932 2058 1211 2160 monne-i.
1232 2077 1510 2144 anomaeos„

347 2565 430 2664 li.
470 2571 1230 2678 ·140n'dioio.mons101unit,'inomnil
1378 2635 1386 2643 -
1492 2643 1497 2652 .

394 2847 396 2850 ·
536 2823 759 2897 Windisieus
791 2823 832 2920 ll.
866 2842 929 2896 rex
962 2821 1129 2897 Poloniae
1163 2827 1327 2909 testetur,
1362 2826 1401 2896 ln
1434 2824 1675 2898 instrunmento
1703 2825 1803 2918 pacis
1831 2845 1905 2900 cum
1970 2825 1974 2834 '

215 3001 218 3008 .
374 2931 537 3006 comedo
560 2932 605 3004 de
634 2932 836 3024 lougingen
864 2931 1024 3023 generali
1054 2933 1226 3024 magistro
1249 2931 1385 3004 ordinis
1412 2931 1687 3004 aeunmoorum
1718 2931 1906 3020 conclusae,

374 3038 465 3114 duos
489 3040 659 3114 articulos
683 3041 837 3114 omissos
861 3059 951 3113 osae.

465 3283 466 3288 '
537 3273 761 3348 wladislaus
783 3272 852 3347 Dei
874 3274 998 3366 gracia
1019 3293 1082 3348 rex
1098 3272 1243 3347 Polonie
1257 3272 1529 3365 Lithwanleque
1546 3275 1713 3368 princeps
1728 3293 1906 3368 supremus

376 3385 412 3454 et
440 3382 545 3455 heres
575 3381 706 3456 Russie
736 3387 803 3456 etc.
837 3381 1089 3474 significemus
1118 3386 1243 3456 tenore
1270 3383 1498 3477 presencium
1521 3384 1710 3469 rnluems,
1741 3379 1906 3473 quomodo

376 3509 475 3564 enno.
504 3493 673 3583 preterito
707 3492 753 3564 in
786 3492 1096 3564 conuonclone
1125 3493 1171 3563 in
1202 3489 1327 3564 leste
1361 3490 1692 3564 Pentbeeostes
1725 3492 1906 3563 internos

375 3603 413 3672 et
435 3599 657 3672 consiliarios
692 3601 834 3672 nosnos
869 3620 912 3672 ex
935 3619 1018 3686 vna,
1054 3604 1091 3672 et
1110 3598 1354 3671 venerabilem
1390 3618 1433 3672 ac
1467 3597 1704 3689 magnifieum
1733 3595 1907 3670 dominum

376 3705 581 3780 Comadum
620 3705 666 3779 de
699 3707 900 3800 lungingen
933 3709 1148 3798 magistrrrm
1182 3706 1388 3798 generalem
1425 3705 1561 3780 ordinis
1592 3706 1696 3780 beate
1729 3705 1838 3779 llario
1868 3701 1907 3774 da

376 3813 482 3887 domo
520 3813 748 3888 'l'heutunlca
781 3815 1044 3907 'consiliumque
1074 3834 1183 3888 suum
1211 3818 1313 3907 parte
1344 3835 1388 3888 ex
1411 3813 1533 3900 altera,
1567 3813 1797 3907 solempniter
1829 3811 1907 3883 cele

375 3921 489 4010 brata,
520 3925 615 3996 inter
644 3928 782 3996 celems
815 3923 984 3997 articulos
1014 3927 1051 3996 ot
1079 3925 1255 3996 balatus
1277 3921 1412 3996 ibidem
1434 3926 1523 3996 tunc
1545 3921 1698 4009 habitos,
1732 3919 1908 3994 conclusos

377 4035 414 4104 et
445 4033 678 4127 conscriptos,
715 4031 766 4124 hij
793 4029 864 4104 duo
887 4031 1029 4104 articuli
1069 4030 1329 4122 subsequentes
1364 4035 1402 4104 ot
1434 4029 1628 4124 subscripti
1665 4029 1777 4102 literis
1809 4023 1908 4100 inseri
2004 4069 2011 4094 2
2168 4005 2195 4036 ⁶
2288 4049 2296 4066 ·

376 4138 578 4214 debuerunt
615 4144 653 4212 et
689 4139 891 4230 sigillorum
925 4141 1125 4212 munimine
1162 4138 1330 4225 roborari,
1366 4140 1429 4231 qui
1461 4143 1585 4213 tamen
1620 4158 1664 4212 ex
1697 4127 1909 4228 negligencia

377 4248 526 4320 obmissl
549 4251 637 4320 sunt
658 4248 772 4321 liberis
795 4247 932 4322 eisdem
962 4249 1121 4342 imprimi
1154 4250 1191 4320 et
1220 4249 1260 4322 in
1290 4266 1438 4321 numero
1463 4251 1663 4321 ceteromm
1691 4243 1908 4320 nuomomn

377 4355 553 4428 collocari.
600 4355 655 4428 Ne
678 4358 790 4447 igitur
804 4361 880 4430 tam
903 4357 1135 4451 solempniter
1158 4359 1313 4429 tractata
1336 4361 1372 4428 et
1393 4359 1540 4449 paolata
1554 4358 1592 4428 ln
1607 4357 1726 4448 aliquo
1750 4351 1910 4426 deficiant

378 4468 416 4536 et
437 4466 553 4538 eciam
576 4467 796 4552 minuantur,
825 4465 971 4538 eosdem
995 4463 1163 4538 articulos
1187 4463 1413 4558 presentibus
1445 4463 1671 4536 decredimus
1703 4455 1908 4536 inserendos.

378 4571 537 4660 Quorum
559 4573 699 4666 primus
723 4578 779 4647 est
808 4575 877 4646 iste
908 4572 953 4646 de
983 4573 1238 4646 obseruacione
1269 4573 1521 4663 granicionim,
1554 4572 1710 4645 limitum
1733 4577 1770 4644 et
1791 4566 1909 4640 linium

377 4682 471 4754 inter
494 4685 607 4754 terras
631 4685 773 4754 nostras
797 4681 941 4754 Maioris
965 4681 1108 4754 Polonie
1142 4685 1178 4754 et
1207 4679 1308 4754 Noue
1342 4680 1511 4766 biarchle,
1543 4702 1633 4772 quas
1656 4677 1831 4771 manicies
1852 4684 1910 4744 nos

379 4788 571 4863 obseruare
585 4789 834 4883 promittimus·
852 4795 889 4862 et
910 4788 1130 4882 spondemus
1155 4793 1191 4862 et
1213 4809 1277 4882 pro
1295 4791 1384 4862 ralis
1405 4787 1547 4876 habere,
1571 4794 1678 4882 prout
1690 4789 1787 4881 ipsas
1811 4773 1910 4853 domi·

379 4913 448 4970 nus
471 4900 645 4988 magister
669 4899 705 4969 el
727 4896 814 4970 ordo
837 4899 952 4990 ipsius
976 4903 1137 4991 tempore
1159 4898 1380 4990 recepcionis
1409 4895 1571 4970 eiusdem
1594 4901 1688 4970 terre
1709 4895 1809 4970 Noue
1831 4883 1910 4960 llar-

380 5004 459 5078 ohie
488 5007 622 5099 reperit
650 5010 688 5079 et
719 5007 814 5077 sicut
839 5011 999 5098 tempore
1030 5005 1219 5079 tenebatur
1249 5005 1294 5076 ab
1326 5007 1482 5096 antiquo.
1532 5003 1719 5078 Secundus
1750 4993 1909 5074 articulus

378 5113 450 5185 luit
478 5113 571 5202 isles
589 5113 687 5207 quod
715 5114 748 5185 sl
777 5113 1076 5206 quandocumque
1106 5115 1322 5204 contingerit
1350 5119 1494 5207 propter
1525 5112 1659 5186 limites
1689 5117 1725 5184 et
1747 5100 1910 5202 gronioies

379 5225 555 5295 tamarum
580 5241 875 5314 quarumcunque
903 5223 1004 5311 regni
1028 5221 1172 5294 Potonie
1203 5227 1239 5292 el
1269 5219 1404 5294 ordinis
1434 5221 1585 5314 predicti
1608 5222 1746 5312 aliquas
1770 5199 1910 5288 diiiicul·

218 5389 222 5394 .
380 5333 473 5402 tates
496 5333 675 5416 suscitari,
704 5329 799 5422 quod
829 5329 989 5422 predicte
1012 5328 1248 5402 diiiiculletos
1280 5349 1344 5423 por
1374 5330 1600 5402 amicabilem
1622 5323 1910 5422 composicionem

380 5436 511 5510 debent
542 5439 763 5530 complanari
796 5440 832 5509 et
861 5439 981 5534 sopiri.
1028 5439 1164 5511 Horum
1188 5438 1319 5528 quibus
1354 5437 1513 5528 sigillum
1537 5449 1700 5510 nostrum
1725 5433 1910 5526 appensum

380 5549 437 5618 ost
465 5547 670 5619 testimonio
702 5545 896 5634 literarum.
944 5546 1079 5620 Delum
1109 5547 1145 5618 in
1175 5545 1320 5618 'l'horun
1353 5545 1444 5619 feria
1477 5549 1605 5636 quarta
1639 5543 1734 5616 inira
1763 5541 1910 5612 octonos,
