4734 6356
319 495 364 578 io

322 707 355 776 a.
402 706 502 777 1401.
527 701 586 776 die
608 705 641 776 9.
667 702 802 777 mensis
825 697 991 790 Ianuarii,
1014 697 1052 776 in
1074 695 1241 776 necea.
1332 724 1348 734 ¹·

485 901 700 974 Praeconsul
724 907 761 974 et
784 902 950 975 consules
974 903 1131 975 civitatis
1154 903 1448 974 rambertum
1472 901 1611 974 faciunt
1639 901 1866 975 donationem

323 1009 452 1082 domus
465 1007 667 1084 ,cidusdam
690 1029 713 1081 a
735 1009 919 1084 llannusio
949 1009 1133 1084 Knoblocb
1156 1009 1279 1082 loanni
1308 1009 1491 1082 altaristac
1515 1009 1686 1083 ecclesiae
1709 1013 1746 1082 ln
1770 1013 1866 1084 Laod

207 1129 212 1136 '
322 1117 564 1192 mellarium.
691 1137 695 1146 ’

485 1315 525 1387 lt.
550 1313 687 1388 Nobilis
719 1313 847 1388 Patnrs
885 1315 1004 1389 Boron
1037 1315 1237 1410 preconsui,
1271 1313 1471 1390 Sianislaus
1507 1315 1675 1402 carnifex,
1713 1315 1867 1390 Mathlas

323 1421 506 1516 Yandrny,
529 1423 699 1496 Nicolaus
724 1422 891 1511 Otbman,
914 1423 1089 1497 Iohannes
1108 1423 1232 1510 Baaar,
1257 1424 1404 1496 Hannus
1428 1423 1612 1497 iinobloeh
1636 1425 1800 1497 consules
1823 1423 1869 1498 de

324 1535 450 1617 Larem,
485 1530 741 1625 potwierdzolo
772 1552 819 1605 na
853 1527 983 1626 proibe
1012 1532 1106 1606 dana
1140 1533 1334 1623 oltamysty
1367 1551 1422 1604 we
1452 1535 1646 1621 torreret
1669 1533 1869 1624 daronlane

324 1643 523 1732 ucrynlono
546 1659 609 1712 mu
632 1660 734 1734 praee
758 1641 931 1714 Hannusa
952 1639 1161 1714 ilnobiocba
1184 1639 1293 1712 domu
1315 1639 1480 1731 ielocego
1503 1639 1597 1713 obolr
1620 1641 1776 1734 plebonli
1797 1641 1869 1736 pod

324 1747 560 1834 wamnldem,
584 1749 695 1840 atsby
718 1769 761 1822 aa
784 1749 894 1841 dusae
912 1751 998 1842 lego
1022 1750 1139 1840 ijego
1168 1747 1343 1820 rodaicdw
1365 1748 1559 1842 odprawioi
1582 1749 1713 1842 wigiile
1736 1754 1749 1822 i
1772 1770 1870 1841 nasae

323 1855 473 1944 lalobna
501 1876 558 1928 we
581 1856 769 1944 cawmtek,
799 1857 922 1954 piotelr
944 1856 1006 1929 iub
1030 1855 1168 1947 soboty,
1199 1875 1245 1954 w¹
1258 1859 1373 1930 crasie
1397 1857 1637 1948 Sucbycbdnl.
1683 1857 1871 1950 llogistrat

325 1967 385 2036 aas
422 1965 581 2038 uualnia
608 1985 628 2036 a
658 1967 745 2058 swej
776 1971 901 2056 strony
932 1963 1076 2055 nadany
1111 1962 1195 2036 dom
1223 1963 1269 2036 od
1302 1963 1495 2060 podatktw
1517 1967 1531 2037 l
1552 1964 1744 2039 wsaeilrlcb
1767 1966 1870 2040 robtt

327 2071 417 2162 cayii
448 2071 713 2145 sobarwarlrdw
744 2075 758 2145 l
787 2072 921 2165 innyeb
951 2071 1189 2160 uclailiwosci
1223 2091 1272 2144 na
1305 2071 1369 2144 uk
1403 2071 1523 2163 dioga,
1558 2073 1692 2166 dopuirl
1726 2073 1870 2146 naletet

324 2179 449 2268 bodalo
482 2179 527 2252 do
563 2179 692 2271 altoryl
714 2183 777 2252 ew.
801 2180 909 2266 dana;
938 2178 1061 2272 gdyby
1090 2181 1151 2250 aas
1179 2177 1226 2251 od
1248 2181 1320 2272 niel
1345 2182 1458 2252 cosmi
1481 2181 1712 2272 ailonowany,
1746 2187 1869 2254 naton-

324 2307 406 2360 caas
445 2291 507 2362 ten
543 2287 725 2381 preywliej
765 2309 827 2361 mo
862 2289 977 2361 uetat.
1041 2287 1081 2359 In
1119 2289 1237 2360 Lucae
1278 2285 1337 2360 dle
1375 2287 1553 2361 dominico
1591 2288 1686 2362 intro
1711 2294 1869 2386 octauas

322 2393 533 2490 Epiphanio.
812 2402 818 2415 ’
1449 2449 1453 2459 -

343 2567 347 2574 ’
489 2555 1627 2683 demumdealtodurbinumkompstorrpbbluplsgoanenlp.
1720 2569 1721 2572 Ἴ

489 2793 511 2864 ¹)
530 2791 651 2850 mouet
666 2791 771 2850 mismo
788 2789 894 2866 niegdy
912 2807 937 2848 rr
955 2791 1017 2862 nol.
1036 2791 1046 2848 i
1064 2806 1136 2866 porr.
1156 2789 1351 2864 pomriekln.
1497 2763 1504 2886 ι,

326 3190 381 3264 10.
431 3189 529 3262 1401.
553 3185 611 3260 die
636 3193 690 3262 lb.
714 3187 849 3260 mensis
872 3185 1038 3296 ianuarii,
1061 3185 1205 3259 Romae.

412 3445 415 3450 .
488 3385 698 3459 Bonitacius
733 3383 793 3456 lX.
825 3384 862 3456 P.
888 3383 934 3455 li.
959 3383 1208 3456 commendam
1244 3383 1480 3473 quorumdam
1513 3347 1689 3456 bonorum
1723 3405 1871 3458 mensae

327 3495 641 3588 arcldepiscopaiis
666 3492 886 3566 Gnesncnsls
909 3491 1033 3564 Ioanni
1056 3495 1223 3586 episcopo
1248 3491 1429 3564 Culmensi
1452 3492 1598 3577 iactam,
1622 3497 1778 3565 revocat:

489 3689 699 3763 Bonifatius
724 3680 923 3782 episcopus
939 3709 1067 3762 seruus
1091 3709 1277 3762 seruorum
1300 3687 1378 3760 Dei.
1402 3688 1458 3760 Ad
1482 3689 1643 3762 futuram
1664 3693 1717 3762 rei
1739 3709 1871 3762 memo·

328 3801 430 3872 riom
455 3797 608 3870 Prouida
624 3799 817 3892 apostolice
836 3795 938 3869 Sedis
958 3797 1160 3888 benignitas
1178 3799 1278 3868 circa
1293 3801 1428 3868 statum
1445 3797 1676 3870 ccclesiamm
1699 3802 1871 3882 omnium,

328 3909 518 4000 presertim
554 3906 906 3998 metropolitanamm
941 3903 1132 3976 salubriter
1170 3903 1396 3994 dirigendum
1431 3907 1564 3998 pariter
1596 3911 1633 3977 et
1666 3904 1870 3996 augendum

328 4016 467 4087 solicite
498 4013 792 4086 considerationis
816 4015 949 4082 intuitu
978 4015 1150 4104 prospicit
1173 4016 1209 4083 ct
1231 4011 1394 4097 intendit
1423 4012 1655 4085 ecclesiamm
1678 4013 1871 4085 earundem

329 4125 579 4216 oppressiones
603 4127 640 4194 et
662 4122 874 4212 manamine
896 4119 1098 4204 releuando,
1123 4124 1160 4192 et
1182 4140 1235 4205 ea,
1259 4141 1328 4210 que
1351 4139 1422 4191 non
1446 4123 1524 4191 sine
1544 4119 1756 4192 detrimento
1779 4123 1871 4213 ipsa·

328 4252 409 4302 rum
437 4229 652 4321 quandoque
683 4227 936 4312 conceduntur,
969 4229 1000 4298 si
1032 4247 1143 4299 causa
1171 4227 1397 4299 racionabilis
1421 4227 1459 4299 id
1481 4229 1647 4320 postulet,
1671 4227 1871 4300 reuocando

329 4341 458 4410 souin
491 4343 628 4410 statum
653 4337 813 4408 debitum
849 4333 1062 4421 reducendo,
1097 4340 1204 4428 prout
1237 4356 1356 4406 rerum
1392 4337 1673 4428 circumstantijs
1711 4339 1894 4430 pensatis,

301 4524 313 4542 Ι,
327 4447 561 4518 ecclesiarum
584 4444 779 4516 earundem
804 4443 953 4514 utilitati
976 4442 1013 4514 id
1037 4445 1212 4536 conspicit
1236 4443 1412 4535 expedire.
1459 4443 1605 4514 Dudum
1628 4443 1805 4534 siquidem
1829 4464 1872 4516 ex

329 4557 435 4626 certis
475 4555 595 4626 causis
639 4550 911 4624 rationabilibus
959 4557 1122 4622 nostrum
1169 4553 1329 4622 animum
1370 4551 1608 4636 monentibus,
1651 4551 1872 4623 venerabiles

329 4663 457 4733 iratres
488 4665 629 4734 nostros
652 4659 846 4730 Iohannem
878 4657 1116 4745 Culmcrrscm,
1148 4659 1233 4730 olim
1263 4658 1514 4730 Caminensem
1538 4653 1756 4752 episcopum,
1786 4663 1873 4730 tunc

329 4770 638 4862 archiepiscopum
663 4767 909 4840 Gneznausem
934 4766 978 4838 ab
1004 4785 1054 4851 oo,
1080 4787 1149 4857 quo
1166 4767 1376 4851 Gneznansi
1401 4788 1444 4838 ao
1460 4767 1737 4857 Dobrogostium
1761 4766 1872 4838 archi·

329 4879 537 4969 episcopum
562 4877 818 4958 Gneznonsom,
843 4879 929 4944 tuno
954 4877 1162 4967 episcopum
1185 4875 1443 4946 Ponanionsem
1469 4874 1513 4946 ab
1537 4875 1596 4945 illo
1619 4874 1773 4960 uinculo,
1802 4895 1872 4966 quo

328 4985 562 5056 Poananiensi
586 4983 760 5074 ecclosljs,
795 4981 925 5071 qrribus
960 4985 1135 5074 preerant,
1171 4982 1393 5065 tenebantur,
1429 4981 1473 5053 de
1497 4983 1647 5054 fratrum
1671 4987 1872 5054 nostrorum

330 5091 479 5164 consilio
510 5093 546 5162 et
576 5089 769 5182 apostolice
803 5091 990 5180 potcstatis
1026 5089 1246 5182 plenitudine
1279 5089 1445 5160 duximus
1481 5089 1727 5176 absoluendos,
1764 5095 1800 5162 ct
1829 5091 1873 5162 de

328 5199 496 5271 lolmnnis
522 5197 726 5269 Caminoosl
755 5201 791 5268 et
806 5197 1031 5286 Dobrogostij
1050 5197 1270 5288 prefatorum
1297 5201 1457 5289 personis
1487 5197 1683 5269 Gne'zncnsi
1711 5198 1899 5289 ecclesiis¹

326 5307 497 5402 predictis
522 5305 567 5376 de
591 5303 784 5377 eorundem
809 5305 959 5376 fratrum
985 5307 1131 5376 consilio
1156 5306 1367 5376 auctoritaie
1391 5306 1584 5396 apostolica
1606 5305 1772 5376 duxionrs
1796 5326 1872 5398 pro·

326 5413 539 5488 uidendum:
564 5413 756 5484 Iohannem
781 5411 1030 5484 Caurlncnsem
1055 5415 1090 5484 in
1115 5415 1326 5505 episcopum
1348 5421 1383 5484 ot
1407 5413 1682 5514 Dobrogostium
1712 5417 1870 5506 prelatos

1834 681 1837 690 ’
1892 727 1897 736 ·
1955 739 1958 748 «
2084 684 2298 762 -Gncancnsi
2336 705 2360 792 o

2100 793 2248 868 Iohanni
2271 791 2360 878 Cani

2102 900 2200 974 modi
2223 893 2360 972 cruam?

2103 1005 2357 1082 committendo

2104 1121 2163 1190 tus
2183 1119 2219 1188 et
2239 1131 2360 1208 prouer

2107 1225 2234 1308 tantia,
2269 1221 2358 1296 adeo

2102 1330 2277 1405 lohannes
2308 1329 2361 1422 epi

2106 1459 2197 1532 quos
2219 1438 2361 1532 percipe

2098 1547 2191 1619 'tatis
2214 1543 2361 1618 condoce

2031 1646 2042 1746 ᾗ
2107 1654 2261 1738 ualebat,
2290 1671 2355 1725 nos

2106 1763 2349 1846 abuentiones,

2073 1948 2076 1954 ,
2110 1872 2322 1944 existentem
2354 1889 2362 1939 t

2110 1977 2318 2071 spectantia,
2340 1976 2362 2048 b

2114 2086 2272 2160 liliorum
2295 2103 2362 2174 moi

2112 2193 2266 2266 limitani
2288 2210 2362 2283 quo:

2116 2325 2138 2376 a
2160 2299 2362 2374 iurisdictio

2113 2409 2331 2484 (lucanensis

2114 2516 2211 2590 dicto
2233 2534 2363 2608 separa

2113 2624 2262 2697 Iohanni
2297 2623 2363 2716 epia

2124 2752 2207 2805 cum
2229 2750 2345 2822 usque

1924 2882 1936 2894 ·
2077 2928 2082 2937 ⁶
2114 2839 2244 2924 nando,
2269 2859 2363 2910 cruor

2124 2949 2309 3032 bonorum,
2341 2945 2363 3018 b

2116 3059 2153 3128 et
2175 3057 2308 3128 iurlum
2331 3053 2363 3126 br

2119 3169 2175 3236 rt·
2199 3165 2276 3256 ipse
2311 3161 2364 3234 Iob

2119 3271 2313 3343 commissa
2341 3269 2364 3363 's

2122 3383 2271 3469 regeret,
2296 3375 2364 3458 diri¹

2122 3487 2261 3576 iuribus
2283 3489 2321 3556 et'
2340 3485 2364 3557 o‘

2123 3613 2209 3668 suos
2240 3595 2276 3666 et
2306 3595 2363 3664 eiu

2121 3706 2227 3796 prout
2260 3702 2337 3772 ueri

2123 3818 2286 3892 ordinare
2316 3819 2353 3888 et

2124 3929 2268 3999 natione
2292 3927 2364 3996 tom

2124 4039 2161 4106 et
2184 4052 2346 4105 mensam

2124 4141 2305 4214 uolulmus
2328 4143 2364 4211 ct

2045 4267 2049 4277 ·
2126 4254 2162 4324 ct
2184 4247 2364 4342 beneplaol

2126 4359 2274 4442 decime,
2309 4357 2364 4426 lur

2080 4550 2084 4556 ¹
2128 4467 2315 4538 ecclesiam
2340 4479 2364 4532 oi

2129 4578 2234 4668 prout
2258 4577 2364 4644 anta·

2129 4687 2166 4755 et
2199 4680 2364 4770 subsequi

2131 4789 2261 4862 menda
2295 4786 2364 4859 buil

2130 4897 2296 4970 Iohannis
2320 4915 2363 4988 ep

2129 5003 2350 5099 plenitudnic

2131 5113 2324 5185 iohannem
2360 5135 2364 5178 t

2131 5223 2280 5313 preerat,
2316 5221 2364 5288 ter

2131 5325 2351 5420 plenitudine

2133 5441 2311 5510 carentem
2347 5439 2364 5506 t
