4734 6356
232 520 279 602 ei

233 729 288 798 22.
337 727 436 798 1402.
460 723 520 797 die
543 725 597 796 21.
622 721 758 798 mensis
781 721 974 814 Februarii,
998 714 1168 802 Siradias.
1733 827 1739 836 Ι

267 867 270 874 ¹
396 922 523 996 Petnrs
546 921 715 996 limithaa
738 922 783 996 de
808 925 978 1000 Wisoicee
996 925 1177 1018 palatinus
1193 923 1492 1000 Sandomiriensis
1511 933 1548 1002 st
1570 928 1779 1022 capitaneus

234 1031 451 1106 Sirediensis
472 1034 638 1117 testatur,
662 1031 845 1106 Chebdem
867 1033 913 1108 de
934 1036 1104 1106 Niewieae
1117 1033 1242 1105 uillam
1261 1044 1366 1106 suem
1388 1037 1500 1108 Posti
1516 1039 1781 1128 przpblcoaoairie
1826 1081 1830 1090 »
1930 1053 1931 1056 ‘

234 1138 402 1213 Ghebdae
425 1138 528 1215 dicto.
544 1135 845 1215 Saenecaskemu
868 1141 896 1216 Ο
919 1144 1050 1216 marcis
1071 1140 1288 1216 vendidisse.

397 1337 437 1409 R.
461 1325 597 1409 Datum
621 1335 759 1412 Siradie
781 1337 873 1412 ierla
893 1340 1006 1428 tercia
1024 1339 1187 1432 proxima
1200 1343 1283 1432 post
1297 1337 1514 1414 dominicam
1528 1342 1780 1431 Reatiniscers

234 1467 329 1521 anno
351 1444 498 1520 Domini
526 1445 717 1518 nuilesimo
747 1445 1098 1540 quadringentesimo
1129 1445 1296 1520 secundo.
1343 1448 1588 1523 Prosenhhus:
1622 1451 1780 1524 locossic

231 1555 404 1647 palatino,
441 1552 593 1626 Martino
627 1554 832 1642 castellano,
870 1555 1039 1628 Zawissio
1077 1553 1286 1641 vexillifero,
1323 1555 1500 1631 Petrassio
1539 1556 1779 1652 subdapilero.

166 1662 174 1676 '
233 1661 433 1735 Venceslao
455 1659 584 1747 iudica.
609 1661 779 1737 Sobeslao
802 1663 988 1736 suhiudlce
1011 1661 1286 1740 Siradiensihus.
1546 1699 1548 1702 ·

252 1846 257 1853 '
397 1818 535 1932 saeuo,
553 1858 630 1918 usu
648 1860 793 1921 22222
811 1851 1066 1938 amsa-epeia.
1084 1859 1203 1920 22222
1221 1877 1329 1920 mum
1348 1861 1428 1924 2222

232 2259 290 2330 22.
337 2259 436 2330 1402.
461 2253 519 2329 die
542 2259 597 2330 22.
622 2257 757 2330 mensis
779 2255 925 2348 Aprilis,
949 2251 1123 2330 Gnesnae
1167 2271 1168 2276 ‘

262 2525 268 2534 ·
392 2437 962 2547 711221222212212222(221122222222
991 2417 1184 2557 decratum,
1213 2473 1428 2546 monastario
1456 2471 1634 2546 Landeasi
1655 2473 1780 2546 villana

234 2578 629 2775 ngffogsgqua
651 2578 768 2654 eidem
791 2581 1006 2654 monasterio
1027 2577 1196 2653 Nicotaus
1219 2577 1264 2652 de
1285 2580 1646 2702 Bopaalmoicelitem
1666 2583 1781 2655 22222·

335 2877 336 2880 ‘
396 2885 472 2960 Nos
508 2865 664 2960 biothias
700 2884 808 2959 iudex
842 2884 1059 2972 Caliaiensis,
1094 2889 1221 2958 notum
1257 2884 1423 2972 iacimus,
1461 2886 1591 2978 quibus
1626 2865 1779 2980 expedit,

156 3027 159 3032 ·
232 2997 524 3080 amusaeterum
550 2992 787 3087 presentibus
821 3013 931 3085 quam
959 2993 1103 3078 futuris,
1132 2996 1361 3085 presencium
1389 2996 1560 3066 noticiam
1592 2992 1779 3079 habituris,

234 3101 331 3195 quod
353 3102 422 3174 sub
444 3121 539 3175 anno
561 3100 708 3174 Domini
730 3101 919 3174 millesimo
943 3099 1293 3193 quadringentesimo
1310 3100 1478 3187 secundo,
1501 3104 1579 3194 ipso
1603 3099 1662 3173 die
1684 3098 1781 3174 beati

234 3210 346 3284 ilorci
375 3209 607 3300 euangelista,
642 3211 681 3280 in
703 3211 855 3281 summis
885 3211 1047 3282 terminis
1071 3209 1160 3280 alias
1189 3207 1416 3299 generalibus
1435 3208 1582 3281 vGnesne
1605 3211 1699 3282 circa
1722 3207 1785 3290 ad·¹

233 3324 386 3390 uentum
409 3319 630 3389 serenissimi
652 3319 823 3410 principis
847 3314 982 3390 domini
1006 3316 1179 3389 Vladislai
1201 3319 1298 3406 regis
1321 3317 1434 3388 nostri
1456 3318 1620 3408 graciosi
1643 3319 1681 3388 in
1703 3337 1781 3410 pre·

236 3428 360 3498 sencia
389 3424 616 3498 dominorum
643 3423 953 3517 inirasoriptomrm
988 3424 1185 3509 celebratis,
1217 3427 1433 3496 constitutus
1460 3425 1692 3516 personaliter
1719 3423 1780 3497 Ni·

235 3533 358 3606 colaus
382 3531 427 3620 de
448 3534 702 3621 Bopuslowice,
725 3535 871 3604 nominc
893 3551 958 3604 suo
974 3533 1268 3625 etprincipaliter
1283 3534 1457 3604 consortis
1480 3552 1545 3603 suc
1568 3530 1782 3604 iudicialiter

236 3643 425 3735 proposuit
456 3643 581 3712 contra
617 3643 664 3712 et·
692 3637 865 3712 aduersus
907 3638 1073 3712 abbatem
1110 3643 1147 3711 22
1182 3645 1301 3712 totum
1338 3643 1595 3712 monasterium
1633 3642 1781 3731 eiusque

236 3751 456 3834 conuentum
478 3749 517 3818 in
539 3749 681 3830 22222,
712 3747 888 3838 quomodo
912 3746 1146 3820 hereditatem
1169 3747 1342 3838 Magnum
1366 3748 1623 3836 Wroncapn01)
1655 3766 1720 3839 pro
1740 3766 1782 3820 22

237 3855 282 3928 ab
306 3859 383 3948 ipso
415 3853 612 3927 alienantes
634 3859 848 3947 usurparent
871 3858 991 3927 nunus
1014 3858 1118 3942 iuste,
1147 3861 1348 3928 asserentes
1371 3875 1412 3927 se
1434 3857 1577 3926 racione
1606 3853 1682 3926 iore
1702 3873 1781 3947 pro·

233 3965 440 4056 pinquiores
465 3961 512 4034 ed
534 3960 696 4034 eandem.
742 3960 794 4034 Ex
822 3961 974 4034 aduerso
1004 3961 1172 4036 dominus
1196 3961 1307 4034 abbas
1337 3960 1531 4054 respondit,
1560 3958 1656 4054 quod
1684 3967 1782 4034 ante·

237 4090 398 4142 cessores
421 4072 537 4161 ipsius
561 4069 652 4140 duas
679 4074 800 4161 partes
833 4071 995 4143 eiusdem
1018 4069 1229 4144 hereditatis
1258 4091 1321 4164 pro
1345 4072 1508 4162 pecunijs
1532 4072 1714 4154 emissent,
1745 4075 1782 4142 et

144 4239 149 4248 .
235 4179 345 4267 aliam
367 4181 508 4270 partem
530 4197 594 4268 per
617 4175 764 4249 modum
788 4180 1084 4250 commutacionis
1107 4199 1171 4271 pro
1200 4178 1270 4250 alia
1299 4182 1401 4270 parte
1429 4177 1637 4250 hereditatis
1661 4177 1780 4251 eidem

235 4285 357 4358 abbati
390 4289 428 4358 22
458 4286 652 4356 conuentui
688 4290 784 4356 esset
820 4289 1057 4377 appropriata,
1080 4289 1306 4378 incorporata
1339 4289 1375 4356 et
1402 4284 1582 4372 adiuncta,
1614 4289 1649 4357 et
1672 4306 1781 4380 super

236 4393 306 4466 hoc
327 4393 518 4485 priuilegia
541 4391 728 4464 euidencia
751 4397 787 4463 et
808 4392 1034 4464 sufficiencia
1057 4393 1281 4466 sufficienter
1295 4391 1463 4484 produxit
1485 4413 1603 4466 coram
1628 4391 1781 4466 dominis

235 4500 436 4573 2222212222.
459 4499 616 4572 Demum
640 4498 776 4572 domini
798 4499 994 4593 supradicti
1018 4500 1149 4573 auditis
1172 4501 1284 4572 literis
1309 4500 1470 4572 eiusdem
1486 4499 1621 4572 domini
1642 4501 1780 4574 abbatis

234 4613 273 4682 et
296 4612 505 4692 conuentus,
534 4607 669 4678 dictam
690 4607 925 4680 hereditatem
949 4609 1120 4698 Magnum
1146 4611 1363 4697 Wroocapno
1386 4607 1683 4681 adiudicauerunt
1704 4629 1781 4702 pro·

235 4715 332 4788 dicto
355 4715 499 4788 domino
524 4713 654 4800 abbati,
679 4718 895 4788 monasterio
924 4721 962 4787 22
991 4720 1194 4802 conuentui,
1225 4717 1456 4788 decernentes
1479 4717 1667 4808 priuilegia
1689 4720 1781 4810 ipso·

233 4843 318 4898 rum
340 4824 448 4896 robur
471 4823 629 4894 obtinere
656 4828 827 4915 perpetue
849 4811 1051 4906 firmitatis;
1081 4823 1241 4917 predicto
1266 4829 1386 4910 autem
1410 4824 1553 4895 domino
1576 4823 1721 4897 Nicolao
1745 4831 1782 4896 et

85 4941 88 4947 ’
233 4933 315 5004 eius
359 4933 515 5003 consorti
559 4929 806 5004 abiudioentes
850 4932 1071 5023 temporibus
1113 4935 1284 5004 euiiemis
1323 4937 1360 5003 et
1395 4935 1517 5003 tenore
1555 4933 1782 5024 presencium

232 5041 382 5113 iusticia
404 5037 585 5110 mediante
607 5037 866 5110 abiudicamus.
912 5040 952 5110 ln
976 5042 1078 5111 cuius
1100 5041 1154 5110 rei
1176 5041 1420 5112 testimonium
1445 5039 1602 5128 sigillum
1619 5045 1789 5132 22222222

232 5146 463 5241 presentibus
496 5149 559 5218 est
595 5165 804 5238 appensum.
854 5149 987 5218 Actum
1025 5152 1063 5220 et
1101 5146 1226 5218 datum
1245 5219 1246 5224 l
1265 5168 1367 5232 2222,
1402 5145 1470 5232 die,
1501 5147 1630 5236 quibus
1660 5169 1779 5240 supra.

232 5254 466 5326 Prosentibus
502 5255 660 5325 strenuis
701 5274 744 5325 ac
778 5253 955 5326 nobilibus
989 5257 1086 5341 viris,
1118 5253 1286 5326 dominis:
1312 5253 1527 5342 Sandiuogio
1551 5253 1781 5342 Callissiensi,

234 5361 382 5434 domino
405 5359 563 5434 Iohanne
583 5359 742 5450 Liganaa
763 5361 986 5434 Lanciciensi
1000 5362 1178 5454 palatinis,
1204 5362 1413 5448 'lhomkone
1429 5363 1614 5452 capitaneo
1636 5361 1781 5435 Maioris

234 5471 383 5543 Palania
406 5469 573 5558 generali,
608 5467 769 5541 lanussio
789 5470 1008 5562 ,2122222222
1055 5471 1266 5542 Suentoslao
1304 5470 1500 5553 Calisiensi,
1539 5467 1695 5542 iohanne
1736 5471 1782 5544 de

2050 707 2253 788 liroliisoaoo
2287 746 2331 775 »2

2049 822 2154 898 12222
2175 819 2337 898 subiudi

2092 1209 2093 1214 ,
2215 1172 2362 1312 ¹)W'

2053 1325 2332 1434 whplnsol

2052 1415 2333 1494 ¹1⁰⁶de

2046 1503 2276 1618 ,minias
2333 1542 2336 1549 »

2053 1905 2109 1976 aa.
2142 1863 2256 1975 'asoa
2279 1899 2329 1974 22ς

1992 2178 2328 2298 ’2222222

2211 2439 2253 2514 la
2273 2459 2335 2515 no
2359 2418 2363 2439 ¹

2051 2542 2275 2642 quadringeni
2298 2580 2332 2609 aa

2051 2655 2321 2750 pontificatus:

2052 2783 2208 2857 superna
2228 2765 2331 2857 praui

2052 2872 2114 2972 uel
2148 2874 2262 2963 quasi,
2322 2906 2327 2933 ι

1967 3054 1970 3060 ,
2053 2979 2209 3052 ecclesie
2244 2979 2323 3052 coll

2052 3087 2180 3179 notarii
2214 3085 2336 3178 publi

2053 3195 2256 3286 specialiter
2287 3213 2311 3288 p

2054 3299 2220 3374 dominus
2256 3299 2303 3374 Ni
2331 3334 2336 3363 ι

2054 3401 2254 3482 Wiladislal
2303 3440 2336 3491 ’ξ

2054 3519 2191 3588 marum
2213 3521 2251 3589 et
2271 3515 2335 3589 Ni

2028 3622 2147 3696 'inter
2188 3627 2285 3717 ipsos
2335 3660 2336 3681 ι

2053 3737 2155 3824 parte
2178 3753 2229 3806 ex*
2243 3752 2288 3804 un
2310 3764 2336 3793 ιι

2057 3839 2159 3912 aliter
2192 3841 2329 3913 consul

2054 3949 2188 4034 uenire,
2220 3950 2328 4042 ipsa

2056 4058 2266 4143 animarum,
2300 4077 2324 4148 q
2360 4110 2362 4143 2

2054 4155 2164 4236 talem
2190 4163 2336 4238 ordina

2053 4271 2162 4344 verbo
2186 4270 2363 4345 adver

2054 4379 2230 4453 ualentem
2255 4400 2319 4474 pro

2056 4485 2221 4561 dominiis
2250 4486 2331 4562 Nic·

2054 4597 2094 4670 in
2121 4596 2260 4670 Christo
2282 4616 2330 4690 pa
2360 4584 2367 4597 ³

2056 4703 2210 4778 eundem
2231 4709 2328 4798 peta
2359 4714 2366 4771 Γ

2056 4811 2285 4885 ecclesiami
2354 4826 2367 4933 2

2055 4917 2192 4992 Ν222121
2215 4940 2334 4992 conce
2358 4938 2365 4971 l

2056 5026 2174 5115 luerit
2209 5034 2251 5101 ut
2280 5049 2304 5122 p
2331 4978 2367 5107 i

2056 5135 2252 5222 institutus,
2276 5157 2297 5206 c
2330 5174 2335 5201 t
2359 5198 2366 5213 ,,

2056 5263 2120 5336 per
2160 5243 2297 5316 dictum
2355 5242 2366 5305 i

2057 5351 2171 5428 tribus
2212 5353 2315 5424 annis
2355 5338 2367 5403 i

2057 5460 2194 5550 prolato
2216 5458 2330 5532 Nicol
2343 5442 2367 5591 si

2359 5218 2364 5233 1
