4714 6364
385 699 449 779 240.
494 684 589 764 1414.Ι
615 677 673 749 die
696 681 750 752 28.
775 680 910 750 mensis
933 679 1022 764 Iulii,
1047 665 1256 762 Bononiae,

529 897 677 967 loannes
707 893 833 966 XXIII.
859 895 894 966 P.
918 895 963 967 M.
989 895 1220 968 alienationes
1245 897 1392 986 qumvis
1416 895 1589 968 bonorum
1620 893 1792 967 ecclesiae
1820 891 1911 966 iinc-

386 1010 510 1096 snensls
533 1003 654 1076 illicite
677 1001 804 1088 iactas,
828 1004 945 1075 irritas
970 1003 1127 1076 declarat
1150 998 1370 1095 utiunan‘es.

529 1217 705 1291 lohannes
728 1221 917 1312 episcopus
941 1239 1068 1292 seruus
1084 1241 1270 1292 seruorum
1292 1221 1369 1292 Dei.
1416 1219 1688 1292 Venerabilibus
1705 1217 1910 1291 iratribus..

386 1327 619 1424 concordiensi
643 1329 715 1398 et..
740 1327 1030 1399 Wratislauiensi
1053 1349 1134 1399 ee..
1157 1327 1319 1400 Placensi
1343 1331 1520 1421 episcopis
1536 1329 1690 1400 salutem
1714 1329 1751 1398 et
1774 1331 1911 1418 aposto·

387 1455 477 1524 liram
514 1433 812 1506 benediccionem.
860 1435 971 1507 Hodie
1010 1439 1049 1507 in
1079 1436 1240 1508 latrarem
1275 1455 1317 1508 aa
1350 1457 1413 1529 pro
1446 1436 1596 1509 salutari
1630 1437 1729 1507 statu
1761 1433 1911 1505 ecclesie

387 1544 587 1628 (tuamensis
611 1545 760 1632 eirrsque
783 1563 908 1614 mense
938 1543 1251 1636 archiepiscopalis
1274 1543 1470 1616 venerabili
1493 1545 1596 1615 tratri
1619 1547 1741 1614 nostro
1764 1541 1910 1614 Nicolae

387 1651 632 1744 orthlepisccpc
657 1649 856 1722 Gneznensi
879 1652 1017 1724 litteras
1040 1655 1182 1723 nostras
1206 1654 1449 1724 concessimus
1472 1655 1511 1724 in
1534 1651 1602 1722 bec
1624 1651 1750 1722 uerba:

533 1756 727 1844 ,Iohannes
751 1759 940 1851 eplscopus
963 1779 1091 1831 seruus
1115 1778 1301 1832 semorum
1325 1759 1402 1830 Dei.
1449 1757 1654 1831 Venerabili
1684 1757 1786 1830 iratri
1808 1755 1910 1830 Nico·

390 1876 454 1960 ,lau
475 1864 737 1958 archiepiscopo
762 1867 961 1939 Gneanensi
985 1867 1140 1940 salutem
1163 1870 1199 1938 et
1222 1868 1455 1960 apostolicam
1483 1865 1784 1940 benediccionem.
1831 1864 1910 1936 Per·

342 1971 346 1979 ’
391 1965 520 2060 ,sonam
549 1975 649 2045 tuum
680 1973 782 2046 nobis
807 1979 843 2046 ct
866 1975 1059 2068 apostolice
1089 1974 1172 2048 Sedi
1205 1974 1383 2060 deuotam,
1415 1977 1488 2047 tuis
1518 1975 1744 2066 erigentibus
1774 1973 1911 2045 meritis

390 2091 542 2182 ‚patema
564 2081 811 2154 beniuolencia
833 2085 1101 2175 prosequentes,
1131 2084 1194 2155 illa
1223 2083 1288 2154 tibi
1313 2087 1496 2155 otmense
1525 2088 1587 2155 tue
1619 2081 1912 2174 archiepiscopali

391 2193 545 2295 ,libenter
567 2189 806 2275 concedimus,
831 2211 896 2283 per
916 2211 987 2282 que
1010 2196 1072 2262 tuo
1096 2195 1133 2262 et
1155 2189 1317 2263 eiusdem
1341 2211 1465 2263 mense
1487 2191 1600 2263 statui
1618 2189 1809 2262 salubriter
1831 2209 1911 2261 con·

391 2301 540 2388 ,sadatur
585 2295 752 2369 Exhibita
775 2299 953 2390 siquidem
976 2299 1079 2370 nobis
1103 2319 1217 2392 nuper
1243 2319 1307 2392 pro
1337 2305 1439 2392 parte
1462 2304 1525 2372 tua
1547 2301 1672 2392 petitio
1696 2297 1910 2381 continebat,

390 2403 490 2498 ,quod
519 2405 678 2476 nonnulli
703 2405 960 2499 archiepiscopi
984 2407 1221 2492 Gneznenses,
1253 2409 1314 2498 qui
1344 2408 1491 2480 luerunt
1520 2428 1583 2501 pre
1608 2410 1767 2499 ternpore
1789 2403 1912 2498 prede·

391 2514 628 2600 ,cessorestui
652 2512 858 2604 etquidem
882 2515 941 2606 aiij
968 2513 1013 2585 de
1035 2515 1216 2588 nonnullis
1247 2515 1352 2587 bonis
1384 2536 1427 2586 ac
1454 2514 1654 2588 redditibus
1679 2513 1912 2606 archiepisco·

391 2621 486 2716 ,palis
508 2639 631 2692 mense
653 2625 715 2693 tue
739 2621 958 2694 (lucanensis
982 2623 1142 2709 ecclesie,
1174 2627 1231 2695 cui
1259 2623 1440 2716 presidere
1470 2623 1677 2708 dinosceris,
1708 2621 1776 2693 sub
1797 2621 1911 2712 uariis

179 2815 203 2848 ἡ
331 2735 437 2812 ·,et
456 2727 603 2799 diuersis
626 2728 812 2818 figmenus
836 2733 943 2821 atque
967 2730 1143 2802 coloribus
1166 2731 1355 2823 plerasque
1378 2729 1549 2804 abusiues
1569 2731 1818 2802 concessiones
1834 2729 1911 2800 siue
2021 2769 2024 2775 ι

19 3010 204 3068 umatomn

19 3125 27 3172 l
48 3106 173 3194 arabi-5
188 3133 203 3172 z·

19 3217 204 3282 OESSOIllr'A

33 3319 203 3391 llbenoow

42 3427 204 3510 subsit„

20 3533 153 3604 rbibire
176 3547 202 3589 ν’

21 3659 192 3732 lllpell=.l?‘*

20 3771 52 3820 n.
80 3751 204 3817 alr-tar:

22 3889 24 3902 ·
63 3851 203 3944 Opld'l‘·

42 3959 192 4052 otrodo:-

21 4071 116 4140 lano
134 4067 193 4127 “³²

392 2837 601 2916 ,donodones
624 2837 805 2910 nonnullis
829 2839 990 2930 personis
1015 2838 1244 2931 aeccclesiis
1268 2844 1304 2910 et
1326 2840 1415 2928 locis
1439 2839 1521 2932 nlijs
1544 2839 1808 2922 ecclesiasticis,
1837 2836 1911 2928 qui·

392 2942 547 3028 ,busdam
569 2941 738 3016 uidelicet
760 2965 803 3016 ex
827 2944 964 3017 eisdem
987 2945 1033 3018 ad
1056 2947 1181 3032 uitam,
1206 2945 1384 3038 aliquibus
1408 2940 1493 3021 uero
1516 2965 1751 3041 personarum
1775 2963 1912 3016 earum·

392 3049 480 3130 ,dem
511 3050 557 3123 ud
589 3071 662 3124 non
694 3051 877 3125 modicum
900 3055 1043 3146 tempus
1078 3056 1199 3126 minus
1228 3055 1486 3136 rationabiliter
1518 3059 1582 3127 aut
1612 3053 1814 3126 inconsulto
1848 3072 1912 3146 pro

392 3157 472 3238 ,salo
493 3161 583 3230 nutu
605 3161 765 3252 ipsorum
787 3159 961 3234 iecenmt.
1008 3161 1231 3253 Quequidem
1253 3161 1349 3262 bone
1372 3183 1414 3234 ac
1436 3161 1598 3262 redditus
1622 3163 1685 3246 sic,
1718 3165 1760 3233 ut
1780 3159 1912 3254 prefer·

392 3269 466 3350 ,tun
488 3265 640 3339 alienata
661 3273 826 3360 pretextu
850 3271 1122 3343 concessionum
1145 3273 1182 3342 et
1196 3269 1430 3342 donationum
1444 3269 1687 3364 predictarum
1704 3289 1770 3363 per
1791 3266 1913 3341 buius-

393 3371 493 3456 ,nodi
514 3393 683 3466 personas
706 3375 864 3448 indebite
886 3376 1091 3450 detinentur
1124 3381 1161 3450 et
1193 3376 1433 3450 diuersimode
1464 3383 1696 3470 occupantur,
1732 3380 1771 3450 in
1793 3379 1847 3450 tui
1870 3397 1914 3449 uc

346 3549 355 3567 ‚
392 3497 518 3561 ,meuse
541 3485 577 3554 et
598 3485 748 3556 ecclesie
770 3483 1012 3577 predictarum
1029 3505 1211 3576 enormem
1228 3485 1412 3570 lesionem,
1430 3485 1669 3579 preiudicium
1684 3487 1792 3576 atque
1815 3479 1913 3556 darn·

393 3605 493 3664 mum.
539 3589 655 3678 Quare
677 3611 740 3684 pro
762 3595 865 3685 parte
887 3597 964 3679 tua¹
979 3592 1082 3665 nobis
1112 3593 1183 3666 brit
1210 3592 1395 3666 humiliter
1423 3593 1677 3687 supplicatum,
1708 3597 1749 3664 ut
1778 3595 1840 3664 tuo
1871 3611 1913 3664 ac

393 3695 589 3772 ,eamndem
611 3719 735 3771 mense
758 3704 795 3771 et
817 3699 966 3773 ecclesie
990 3703 1100 3773 statui
1124 3703 1162 3772 in
1184 3703 1369 3795 premissis
1382 3696 1535 3794 paterna
1549 3703 1683 3794 pietate
1706 3719 1914 3773 succurrere
1944 3781 1948 3788 ⁴

394 3797 446 3878 .de
457 3801 674 3896 benignitate
689 3807 886 3901 apostolica
901 3807 1140 3898 dignaremur.
1186 3809 1260 3906 Nos
1280 3811 1399 3900 igitur,
1423 3829 1575 3900 quorum
1594 3810 1754 3892 interest,
1777 3811 1913 3879 statum
2011 3821 2017 3830 ·

394 3909 642 3988 ‚tniuersarum
664 3915 760 3989 orbis
784 3911 1027 4001 ecclesiarum,
1058 3936 1103 3988 nc
1137 3919 1177 3990 in
1210 3919 1299 3998 suis,
1318 3916 1456 3988 iuribus
1488 3920 1594 4008 atque
1628 3915 1733 3987 bonis
1760 3915 1914 4009 preludi-

394 4016 493 4090 .cium
514 4024 705 4113 patiantur,
729 4043 802 4096 non
824 4025 941 4097 solum
965 4043 1178 4098 conseruare
1201 4024 1400 4109 salubriter,
1425 4023 1489 4096 sed
1503 4043 1714 4118 prosperare
1737 4043 1781 4095 ac
1803 4024 1914 4095 etiam

395 4139 529 4214 augere
551 4133 588 4200 et
608 4136 796 4224 propterea
819 4134 857 4204 in
879 4133 1065 4225 premissis
1089 4131 1133 4204 de
1158 4135 1332 4226 oportuno
1356 4131 1726 4224 remedic‘prcuidere
1741 4131 1914 4216 uolentes,

394 4226 600 4310 „huiusmodi
623 4239 943 4332 supplicationibus
966 4240 1139 4326 inclinati,
1169 4259 1294 4312 omnes
1318 4245 1355 4312 et
1377 4240 1539 4330 singulas
1562 4239 1812 4313 concessiones
1835 4241 1914 4310 siue

395 4334 603 4418 donationes
625 4346 832 4420 huiusmodi
854 4347 1004 4440 prelatis
1027 4351 1190 4441 personis
1214 4353 1289 4421 tam
1311 4349 1424 4446 laicis,
1440 4343 1558 4439 'quum
1576 4347 1756 4420 nobilibus
1779 4351 1817 4419 et
1838 4351 1912 4418 tam

395 4446 656 4540 ecclesiasticis,
698 4476 807 4546 quam
849 4455 1041 4528 mundanis
1082 4459 1339 4548 cuiuscumque
1371 4459 1499 4540 status,
1529 4455 1675 4545 gradus,
1710 4453 1845 4528 ordinis
1879 4457 1915 4526 et

394 4553 686 4647 ,pnbeminenue
718 4563 916 4654 dignitatis,
947 4565 1154 4637 excellentie
1184 4565 1242 4636 uel
1270 4563 1484 4636 conditionis
1508 4565 1698 4648 extiterint,
1735 4583 1778 4634 ac
1806 4562 1914 4664 eccle·

395 4658 466 4748 aba
485 4669 523 4738 ct
543 4669 630 4742 lacis
654 4671 906 4743 ecclesiasticis
929 4670 1136 4744 huiusmodi
1169 4673 1368 4744 comuniter
1396 4671 1456 4744 uel
1484 4669 1722 4742 diuisimsub
1746 4691 1915 4762 quacum·

395 4781 468 4854 -uue
489 4773 604 4849 ianne
624 4779 684 4850 uel
707 4781 938 4872 conceptione
961 4780 1153 4852 uerborum
1176 4779 1301 4864 iactas,
1337 4782 1448 4852 etiam
1470 4778 1775 4862 fideiussionibus,
1808 4777 1914 4850 bone

396 4887 479 4949 uum
500 4883 775 4977 obIIgatienibus
799 4907 842 4959 ac
864 4889 1064 4960 luramento
1096 4891 1132 4959 et
1156 4887 1237 4980 alijs
1268 4887 1418 4960 cautelis
1447 4906 1514 4958 seu
1537 4885 1810 4958 confirmatione
1833 4906 1915 4978 ape

395 4981 523 5060 abaco
543 4993 602 5065 uel
625 5015 850 5086 quacumque
875 4995 945 5068 alia
967 4994 1140 5068 firmitate
1170 4995 1334 5079 uallatas,
1365 4997 1476 5067 etiam
1499 4995 1531 5066 si
1555 4991 1599 5064 de
1623 4993 1915 5066 concessionibus
2012 4999 2015 5005 “

396 5101 465 5161 acu
485 5093 732 5200 donationibus
761 5102 967 5176 huiusmodi
1001 5106 1038 5175 in
1070 5105 1295 5196 presentibus
1331 5103 1463 5175 nestris
1494 5103 1623 5174 litteris
1657 5099 1702 5172 de
1735 5105 1845 5174 uerbo
1869 5101 1915 5174 ad

396 5197 547 5278 morbum
569 5207 734 5282 habenda
756 5215 853 5283 esset
882 5213 1016 5283 mentio
1036 5213 1215 5303 specialis,
1248 5214 1354 5306 prout
1385 5211 1424 5282 in
1457 5209 1705 5304 preiudicium,
1742 5209 1915 5283 damnum

396 5303 442 5376 aa
459 5303 626 5408 lesionem
649 5338 773 5390 mense
796 5321 833 5390 et
856 5319 1006 5392 ecclesie
1033 5319 1254 5412 prelatamm
1284 5339 1434 5409 uergere
1463 5323 1671 5403 noscuntur,
1703 5319 1915 5391 auctoritate

318 5494 320 5497 ,
397 5419 592 5500 “naulica
614 5446 656 5499 ex
680 5432 777 5502 certa
799 5429 951 5502 scientia
974 5431 1095 5500 temne
1118 5429 1339 5523 presentium
1362 5443 1561 5512 cassamus,
1584 5443 1810 5514 reuoeamus,
1840 5427 1915 5500 lrri·

1647 5551 1900 5618 Ψ,
