4706 6356
184 511 375 613 ‘se

335 708 424 792 tate,
448 707 505 780 vsl
529 709 727 788 amicorum
750 727 897 781 suorum
921 710 1069 783 consilio
1099 712 1136 781 et
1168 712 1297 782 animis
1328 710 1541 796 deliberatis,
1575 709 1723 784 eandem
1755 709 1878 784 scolte-

338 817 431 888 ciam
454 817 493 888 in
523 815 651 902 Minori
686 819 896 890 Wroaeeiao
928 822 966 892 et
999 821 1037 890 in
1072 819 1282 890 Nedumirze
1315 840 1398 892 eum
1435 822 1534 892 omni
1565 822 1643 892 ture
1665 825 1701 891 et
1723 817 1877 905 domino,

337 926 431 996 sicut
453 922 521 996 soli
544 926 738 998 tenuerunt
760 927 796 998 et
816 925 1030 1030 habuerunt
1061 927 1183 1016 sagaci
1206 929 1283 1000 vire
1306 925 1451 1002 Nicolao
1475 925 1782 1018 Zelonedambsky
1807 927 1879 1000 ciui

336 1029 517 1104 Pisdrcnsi
541 1033 577 1102 ct
599 1034 714 1126 ipsius
736 1033 923 1124 legittimis
947 1034 1214 1106 successoribus
1237 1055 1301 1128 pro
1325 1035 1450 1108 decem
1475 1042 1511 1108 ct
1532 1057 1596 1108 sex
1629 1037 1760 1108 mareis
1782 1053 1878 1126 gros·

338 1159 460 1228 sonim
482 1137 674 1231 Pragensis
697 1145 841 1214 moneta
864 1146 901 1213 et
922 1141 1133 1214 Polouiealis
1148 1146 1299 1228 numeri,
1324 1145 1563 1236 quadraginta
1577 1146 1615 1216 et
1632 1147 1711 1216 octo
1734 1162 1880 1233 grossos

334 1267 398 1340 pro
422 1247 583 1338 qualibet
605 1267 727 1321 marca
750 1247 1001 1343 computando,
1030 1247 1271 1322 vendiderunt
1292 1253 1329 1322 et
1357 1271 1478 1324 coram
1508 1251 1611 1325 nobis
1640 1254 1735 1322 iusto
1758 1249 1879 1332 vendi·

336 1357 450 1426 aionis
476 1355 594 1445 tytulo
623 1357 905 1451 inperpetuum
937 1359 1221 1448 resignauemnt
1250 1359 1452 1444 tenendam,
1483 1358 1696 1444 habendam,
1725 1358 1880 1431 renden-

337 1462 430 1548 dam,
463 1461 704 1553 obligandam,
738 1463 1030 1560 commutandam
1055 1470 1092 1538 et
1122 1465 1168 1538 ad
1189 1487 1278 1538 rsus
1294 1547 1297 1553 ,
1316 1467 1557 1561 beneplacitos
1593 1466 1880 1552 concedendam,

337 1575 444 1663 prout
466 1570 627 1664 predicto
656 1571 802 1646 Nicolao
826 1571 1136 1664 Monodambslry
1159 1579 1196 1646 et
1218 1577 1332 1666 ipsius
1355 1579 1555 1668 posteritati
1577 1575 1736 1666 legitime
1757 1575 1881 1647 vttlius

334 1676 516 1750 ridebitur
546 1678 722 1772 expedire.
745 1749 749 1754 .
770 1680 841 1756 Sed
864 1683 950 1772 quia
970 1679 1122 1772 predicti
1143 1681 1292 1754 Iacobus
1316 1671 1641 1781 etBartbolemeus
1654 1683 1882 1776 priuilegium

340 1806 449 1880 super
475 1785 601 1858 esibus
633 1791 671 1858 et
704 1788 842 1861 iuribus
874 1787 1034 1882 predicte
1063 1789 1230 1862 scoltecie
1264 1811 1337 1864 nen
1371 1791 1583 1876 babuerunt,
1617 1793 1701 1882 quia
1722 1795 1882 1883 tempere

237 1949 239 1953 ,
338 1913 559 1984 gwerrarum
582 1899 619 1966 at
640 1895 766 1969 licium
794 1898 910 1990 ipsius
941 1895 1072 1968 fuisset
1101 1901 1138 1968 et
1167 1898 1260 1970 foret
1288 1899 1519 1992 priuilegium
1548 1917 1657 1992 super
1685 1895 1882 1991 predictum
2000 1909 2003 1914 ’

339 2001 546 2074 scolteciam
568 2002 776 2090 laceratum,
800 2008 838 2076 et
859 2006 1066 2098 petiuerunt
1087 2024 1154 2078 nes
1178 2026 1261 2078 cum
1284 2009 1472 2092 instancia,
1497 2005 1593 2099 quod
1614 2009 1712 2099 ipsos
1735 2003 1782 2078 ad
1804 2023 1882 2098 pre·
1947 2073 1952 2082 .

337 2109 497 2183 bandum
527 2109 826 2197 admiraremur:
846 2131 914 2184 nes
936 2131 1021 2184 vcro
1045 2111 1090 2185 de
1119 2113 1269 2186 consilio
1293 2113 1518 2188 dominorum
1540 2118 1635 2187 terre
1656 2113 1799 2186 Maioris
1821 2111 1884 2185 Po·

335 2219 432 2290 lenio
455 2217 631 2292 nobilium
656 2217 949 2313 adprobandum
971 2222 1070 2313 ipsos
1095 2219 1319 2294 admisimus.
1366 2221 1435 2310 Qui
1464 2221 1613 2294 Iacobus
1646 2227 1682 2294 et
1702 2219 1884 2293 Bartholo-

338 2345 441 2398 meus
463 2325 576 2398 bonos
605 2331 641 2400 et
664 2327 822 2418 ydoneos
844 2332 956 2400 testes
978 2327 1232 2419 produxemnt
1265 2329 1395 2420 quibus
1425 2334 1553 2402 netum
1575 2329 1647 2402 tuit
1669 2328 1713 2402 de
1735 2347 1884 2422 prouen-

338 2434 434 2507 tibus
471 2438 508 2506 et
535 2435 674 2507 iuribus
707 2436 873 2508 scoltecie
907 2433 1076 2528 predicte.
1124 2435 1337 2528 Quiquidem
1371 2441 1494 2522 testes,
1529 2439 1625 2510 sieut
1655 2439 1883 2530 premittitur,

310 2587 311 2590 κ
338 2563 402 2634 pcr
423 2542 582 2636 prefatos
605 2543 774 2615 iacobum
798 2548 834 2617 et
855 2543 1149 2617 Bartholomeum
1178 2543 1354 2638 producti,
1384 2533 1604 2629 iurauemnt,
1636 2542 1731 2636 quod
1753 2543 1824 2616 duo
1846 2545 1886 2616 in

246 2647 255 2658 '
316 2649 451 2722 ·'Paruo
483 2653 693 2723 Wroaoeiao
717 2655 754 2722 et
776 2650 846 2724 duo
876 2653 915 2724 in
937 2651 1146 2724 Nedomtrae
1178 2655 1296 2726 mansi
1326 2673 1493 2743 agrorum
1521 2652 1625 2725 liberi
1649 2650 1695 2724 ad
1716 2653 1791 2724 tarn
1814 2650 1885 2724 dic·

338 2763 414 2831 tam
437 2757 645 2831 scolteciam
667 2762 706 2832 in
728 2759 856 2832 Minori
878 2759 1097 2830 ‘Wroncainc
1121 2764 1158 2831 ct
1179 2763 1218 2832 in
1240 2761 1450 2833 Nedcmtrze
1480 2763 1729 2854 pertinuerunt
1751 2763 1788 2832 et
1809 2778 1886 2851 por·

337 2869 472 2950 tineut;
500 2869 589 2938 item
613 2869 651 2939 in
676 2869 885 2940 Wroncaino
907 2886 981 2939 vna
1002 2865 1152 2939 taberna
1174 2871 1211 2940 ct
1234 2868 1305 2940 alia
1326 2871 1365 2939 in
1387 2871 1615 2950 chame'rze:
1643 2869 1731 2938 item
1753 2869 1885 2939 tercius
1911 2899 1921 2918 .
2006 2944 2008 2948 .

339 2973 508 3046 debenus
551 2973 596 3045 dc
630 2994 670 3046 re
708 2973 867 3066 qualibet
900 2973 1073 3059 ludicata3
1105 2977 1194 3048 item
1228 2974 1274 3048 de
1307 2975 1446 3048 duobus
1481 2975 1643 3062 lacubus,
1678 2975 1815 3046 scilicet
1842 2973 1887 3047 de

342 3085 512 3169 Grzedon⁴
525 3087 561 3155 et
584 3081 630 3155 dc
652 3082 760 3156 scote
788 3085 922 3154 tercius
944 3083 1071 3176 piscis3
1102 3079 1217 3155 eciam
1249 3081 1294 3154 dc
1325 3086 1570 3176 apreciaeione
1591 3081 1766 3155 inbonis
1790 3085 1827 3154 et
1848 3084 1887 3154 in

342 3191 445 3262 siluis
468 3193 515 3281 in¹
530 3191 681 3283 pretatis
703 3191 799 3263 villis
822 3193 956 3263 tercius
987 3189 1155 3263 donamus
1178 3191 1327 3264 sculteto
1351 3190 1456 3264 debet
1478 3193 1676 3284 pronosim,
1706 3191 1887 3280 vulgariter

343 3303 495 3389 wlepem
524 3303 613 3370 item
642 3301 792 3382 terciam
821 3303 961 3392 partem
989 3299 1105 3371 mellis
1136 3299 1181 3370 de
1210 3299 1325 3372 borris
1356 3302 1392 3370 et
1423 3300 1525 3372 silius
1548 3297 1683 3371 ibidem
1716 3297 1886 3370 scultetus

341 3407 473 3480 habere
497 3406 656 3492 debebit3
681 3410 796 3478 eciam
824 3405 920 3497 quod
949 3411 1053 3500 prata
1081 3405 1294 3500 subscripta,
1324 3405 1492 3478 videlieet
1522 3408 1723 3496 Olyaowatp
1749 3411 1884 3490 ostrow,

345 3518 561 3600 Turamoecz,
594 3519 706 3598 Koara
729 3521 765 3587 ct
787 3517 953 3588 Goreiwc
983 3513 1029 3586 ad
1058 3515 1264 3591 scelteeiam
1294 3519 1490 3608 pertinent;
1523 3518 1611 3586 item
1635 3517 1768 3602 etiarn)
1792 3511 1888 3604 quod

238 3703 241 3710 ¹
270 3651 272 3656 ¹
342 3625 519 3695 scultetus
543 3626 640 3696 circa
662 3642 767 3696 suam
791 3626 928 3695 curiam
950 3625 989 3693 in
1014 3623 1223 3694 Wroaezino
1247 3643 1356 3716 super
1376 3623 1498 3714 rywlis
1513 3621 1755 3694 molendinum
1777 3621 1886 3693 libere
1930 3689 1938 3704 ,

345 3736 465 3824 potest
488 3737 694 3804 construere
716 3732 814 3803 nullo
830 3731 1062 3824 impediente;
1085 3733 1173 3802 item
1187 3733 1359 3803 scultetus
1378 3729 1473 3822 quod
1495 3729 1629 3802 ibidem
1646 3733 1763 3821 potest
1776 3728 1887 3801 libero

341 3839 475 3912 habere
497 3845 571 3912 tres
595 3845 796 3912 structuras
819 3839 1000 3928 wlgariter
1022 3841 1107 3926 paee
1129 3857 1237 3930 super
1259 3839 1391 3929 rpwlis,
1416 3837 1558 3929 quando
1575 3857 1669 3928 aqua
1684 3836 1887 3920 inundabit;

341 3951 429 4020 item
462 3951 582 4040 potest
603 3949 714 4020 libere
737 3947 855 4019 iacere
886 3951 1085 4018 structuras
1107 3965 1172 4039 pro
1196 3945 1380 4039 capiendis
1403 3947 1577 4040 capricis,
1606 3945 1787 4036 wlgariter
1807 3966 1888 4034 pro·

343 4060 421 4146 dep.
470 4055 637 4128 Ceterum
660 4057 832 4128 scoltetus
862 4053 969 4127 debet
998 4055 1117 4126 tacere
1148 4057 1303 4126 seruicia
1332 4053 1475 4126 domino
1499 4057 1585 4144 regi,
1615 4054 1818 4143 legationes
1842 4051 1888 4124 ad

345 4169 461 4252 Rara,
496 4165 542 4238 ad
575 4167 695 4236 coare
730 4169 766 4236 et
801 4163 846 4236 ad
877 4164 1092 4234 Stawe'ssiao
1125 4161 1317 4234 deferendo
1354 4167 1392 4234 in
1425 4164 1500 4234 suis
1528 4163 1684 4255 proprijs
1708 4163 1887 4254 expensis3

346 4274 545 4345 incolarum
578 4293 662 4345 vcro
696 4272 845 4365 quilibet
876 4271 921 4341 de
953 4277 1103 4361 viraque
1134 4271 1221 4342 villa
1253 4290 1317 4363 pro
1353 4291 1463 4342 censu
1497 4290 1610 4341 vnum
1644 4270 1819 4341 fertonem
1842 4267 1888 4340 ad

343 4382 479 4454 festum
503 4385 618 4454 sancti
642 4381 786 4454 Martini
816 4380 955 4452 soluere
984 4383 1140 4463 tenetur;
1173 4382 1260 4450 item
1293 4378 1441 4469 quilibet
1471 4377 1708 4450 kmetbonum
1738 4381 1889 4469 quatuor

345 4509 534 4561 mensuras
563 4509 678 4561 auena
711 4487 961 4570 exaccionalis3
992 4491 1079 4558 item
1102 4487 1218 4558 incole
1247 4487 1487 4580 predictarum
1510 4487 1677 4558 villarum
1700 4484 1830 4556 debent
1851 4488 1889 4556 in
1923 4486 1928 4494 '

346 4597 503 4688 quolibet
531 4617 625 4669 anno
649 4597 857 4669 ialcastrare
886 4598 1031 4687 protum
1056 4594 1192 4666 dictum
1215 4597 1340 4679 Solea,
1371 4598 1536 4680 rastrprc,
1568 4593 1750 4666 cumulare
1773 4596 1809 4664 et
1832 4592 1889 4665 da·

346 4705 485 4790 ducere,
518 4707 579 4778 rbi
604 4710 640 4777 et
663 4725 733 4796 quo
756 4691 846 4797 ipsis
875 4703 984 4773 luerit
1018 4701 1285 4787 demandatum,
1320 4705 1358 4774 in
1393 4705 1553 4794 ipsorum
1586 4705 1765 4794 expensis;
1801 4704 1887 4772 item

345 4814 495 4906 quilibet
525 4813 673 4886 kmetho
713 4813 820 4884 debet
862 4812 1002 4882 soluere
1025 4815 1178 4901 quatuor
1206 4830 1351 4900 grossos
1374 4809 1687 4902 “expeditionales
1725 4811 1812 4880 item
1850 4811 1888 4880 in

345 4923 536 5014 sepedictis
559 4923 655 4994 villis
679 4925 748 4992 tria
770 4918 903 4992 iudicia
926 4921 964 4988 in
988 4939 1080 4990 anno
1104 4919 1236 4990 debent
1256 4917 1389 4990 habere
1412 4917 1636 5002 kmetbones,
1659 4937 1723 5010 pro
1747 4916 1886 4988 duobus

346 5031 490 5122 iudicijs
514 5030 702 5102 dimidiam
732 5047 891 5100 marcam
922 5028 1062 5098 soluere
1085 5025 1216 5098 debent
1246 5030 1284 5105 et
1313 5027 1484 5098 scoltetus
1519 5046 1583 5118 pre
1616 5027 1724 5096 tercio
1756 5024 1888 5097 iudicio

344 5141 520 5210 icrtoncm
551 5139 652 5210 dabit
681 5141 745 5209 eut
773 5135 965 5228 prandium
987 5135 1128 5228 parabit
1157 5154 1221 5226 pro
1244 5138 1361 5206 tutore
1385 5154 1450 5205 seu
1473 5137 1699 5226 procuratore
1722 5133 1887 5204 villarum

344 5248 623 5329 antedictarum
652 5248 738 5318 item
762 5265 826 5338 pre
849 5263 956 5336 porco
979 5242 1193 5314 kmetbones
1217 5242 1261 5314 de
1286 5242 1460 5314 ambabus
1484 5242 1578 5312 villis
1596 5239 1727 5312 debent
1749 5239 1887 5311 soluere

343 5361 426 5428 ceto
450 5359 567 5427 scotos
590 5358 628 5426 in
653 5354 811 5445 quolibet
833 5372 942 5438 anno;
966 5355 1052 5422 item
1073 5351 1226 5442 quilibet
1248 5349 1395 5422 kmetbo
1425 5350 1471 5421 ad
1494 5350 1628 5421 festum
1656 5347 1792 5419 Pesehe
1815 5367 1887 5419 me·

343 5465 448 5540 dium
472 5469 595 5558 capeto
619 5483 769 5536 cuorum
802 5465 839 5532 et
871 5459 918 5532 ad
948 5460 1084 5532 'testum
1116 5461 1390 5553 Assumpcionis
1429 5459 1582 5550 gloriose
1604 5459 1754 5548 virginis
1777 5457 1887 5532 Mario

2102 738 2166 812 per
2189 713 2280 788 duos
2302 675 2337 808 pj

2104 823 2293 898 l'isdrcnse
2323 798 2340 892 t¹

1994 981 1997 986 -
2102 933 2166 1004 tali
2188 906 2344 1052 protest}

2104 1045 2236 1112 uentus
2260 1057 2345 1139 supr

2105 1166 2247 1221 namus
2293 1146 2347 1218 ln:

2105 1275 2196 1328 sum.
2242 1253 2350 1357 Actu¹

2105 1382 2199 1436 auno
2229 1361 2350 1434 Denuo

2109 1473 2211 1542 uiris:
2250 1467 2348 1543 Nico}

2106 1576 2349 1651 choeslaot

2108 1689 2145 1757 et
2166 1681 2345 1757 Preccsla

2211 1913 2215 1928 ¹
2270 1895 2350 1955 zio

2198 2098 2201 2104 ,
2235 2095 2293 2167 Q)
2327 2100 2347 2121 „

2109 2185 2350 2260 iednakprrezn

2113 2785 2169 2855 51.
2217 2780 2315 2850 1404.
2346 2804 2353 2837 ι

2278 2991 2351 3063 Wl:

2116 3085 2240 3158 villam
2265 3085 2353 3153 We

2115 3213 2204 3288 pora
2225 3191 2324 3265 obtin

2279 3406 2352 3478 Wlt

2120 3537 2203 3590 mus
2227 3514 2331 3586 etho

2050 3657 2056 3670 ·
2120 3621 2271 3717 expedit,
2305 3625 2343 3692 ta

2027 3759 2030 3765 ·
2123 3727 2300 3823 quomodo
2330 3729 2352 3799 ll

2121 3858 2241 3912 coram
2264 3839 2347 3908 nost

2123 3947 2213 4019 ciale
2245 3965 2346 4016 man·

2124 4053 2349 4142 Sandaivogij

2121 4183 2194 4237 non
2217 4163 2353 4233 coactu

2121 4271 2243 4342 berete
2269 4269 2335 4338 ani

2123 4397 2240 4459 suum,
2272 4395 2352 4445 ex·

2122 4485 2293 4579 peditum,
2322 4501 2345 4572 p

2124 4597 2244 4685 ipsum
2275 4590 2334 4661 ide

2125 4699 2310 4772 confessus
2347 4726 2353 4757 ε

2125 4807 2277 4899 scopalis
2306 4805 2352 4874 W

2126 4915 2337 4988 Gnewcouie

2127 5043 2195 5114 que
2224 5041 2330 5092 suum

2127 5135 2163 5202 et
2184 5131 2347 5223 pertinen

1980 5229 1982 5235 ’
2126 5234 2333 5309 totaacde

2127 5343 2317 5416 heredibus

2130 5453 2310 5546 scopalcm
2350 5478 2353 5509 2
