4668 6352
1792 487 1795 494 ⁴
1828 489 1894 558 237

45 689 112 762 siue
131 700 222 782 donn.
381 707 500 796 ,licia
523 689 612 766 Sede
637 687 813 760 indultum
838 690 976 772 existat,
1002 687 1095 779 quod
1120 687 1292 772 interdici,
1317 685 1489 778 suspendi
1513 687 1570 758 nel
1596 684 1896 756 excommunicari

45 799 81 868 tis
105 816 221 889 uiritim
315 809 326 910 ξ
382 829 429 900 ,μη
449 797 648 886 bidusmodi
682 797 759 868 loca
788 795 1013 884 eteoclesio,
1050 797 1179 886 quibus
1208 795 1302 867 dicte
1327 793 1574 866 concessiones
1598 813 1663 865 seu
1687 791 1896 864 donationes

45 919 221 1000 ecerninun
318 911 325 940 ²
383 933 459 1009 pasta
493 909 645 990 luerunt,
684 905 924 976 ecclesiastice
963 902 1150 975 interdicto
1186 905 1337 995 supponi
1374 921 1446 973 non
1480 903 1628 993 possint,
1664 919 1728 992 per
1758 899 1897 970 litteras

45 1015 163 1094 ibone
186 1053 219 1106 ac
317 1029 326 1088 i
386 1023 580 1132 spostolicos
605 1033 675 1084 non
699 1013 871 1084 incientes
896 1013 1039 1104 plenam
1064 1015 1100 1082 et
1123 1031 1327 1103 expressam
1353 1031 1394 1112 ac
1419 1007 1463 1080 do
1485 1009 1594 1080 norbo
1611 1007 1656 1080 ad
1677 1007 1829 1080 uerbum
1853 1004 1897 1076 de

45 1128 219 1220 uocabant,
384 1136 496 1222 minito
519 1120 721 1196 huiusmodi
747 1123 972 1191 mentionem.
1021 1119 1154 1190 Datum
1178 1119 1336 1190 Bononio
1360 1119 1392 1189 V
1416 1116 1589 1189 kalendas
1612 1117 1779 1206 Augusti,
1813 1133 1897 1206 pon·

45 1225 110 1302 beri
134 1245 219 1316 uoln-
384 1245 518 1328 plicatus
541 1232 652 1304 nostri
676 1249 768 1301 anno
791 1230 925 1318 quinto.
986 1251 988 1258 ¹
1731 1273 1735 1282 ,

45 1338 218 1428 sipulum
521 1343 581 1427 (na
603 1334 785 1424 zakledco)
810 1336 906 1410 Grai.
931 1335 975 1407 de
999 1334 1168 1407 mandato
1192 1334 1327 1406 domiai
1344 1335 1456 1407 nostri
1471 1353 1614 1427 pape-
1635 1333 1680 1404 ll.
1706 1331 1897 1402 deBossis.

45 1443 218 1533 edicturum
317 1471 327 1539 l

45 1560 103 1623 ret
120 1563 220 1636 reddi·
316 1554 329 1709 ἶ

45 1657 149 1733 &fata-bi
182 1677 218 1744 aa}
316 1713 328 1838 ὃ

316 1843 329 2024 l

521 1552 684 1612 Dokumont
712 1551 929 1626 purgantium,
956 1549 1156 1624 przecbcnany
1176 1569 1200 1608 u
1218 1547 1371 1606 archinnm
1400 1549 1529 1629 kapituly
1557 1545 1792 1622 metmpolitalnej
1820 1545 1898 1618 gnie·

386 1647 512 1717 aaiedrkiej
533 1645 581 1717 (N.
600 1645 675 1714 333),
693 1647 845 1716 opatrzony
862 1640 917 1712 jesi
933 1641 1070 1712 oloniana
1088 1639 1168 1711 bulla
1185 1639 1301 1714 popiola
1317 1639 1394 1698 Jana
1411 1639 1527 1708 xxiii,
1545 1638 1714 1708 mulesaeno
1733 1654 1771 1692 ua
1788 1652 1897 1709 szarym

45 1783 220 1856 possessi...
386 1753 521 1820 iraopnym
538 1732 670 1792 uuarba,

45 1875 96 1945 lod
126 1879 218 1956 licent

45 1983 216 2064 relatorum

45 2091 92 2160 ria
107 2113 218 2186 appr».

51 2215 167 2272 mense
190 2227 215 2272 ri

45 2323 51 2372 t
81 2313 114 2376 el
137 2313 217 2383 ordi·

318 2164 327 2277 ί
388 2215 445 2288 ill.
463 2294 467 2302 .
488 2207 582 2276 1414.
606 2200 664 2273 dio
687 2206 718 2272 9.
744 2202 877 2272 mensis
900 2201 1066 2290 Augusti,
1090 2199 1280 2271 Bononiae.

60 2417 217 2507 tempore,
318 2359 329 2556 ξ
477 2389 684 2508 'Angelus
709 2417 897 2508 episeopus
913 2415 1153 2500 Penestrinus
1178 2413 1371 2487 cardinalis
1390 2412 1588 2485 Laudensis
1605 2413 1760 2506 capitulo
1784 2411 1902 2485 cathe-

318 2619 329 2656 i

319 2793 330 2839 i

317 2287 328 2326 i

45 2521 216 2594 ordinae·
318 2568 328 2616 :
390 2531 458 2604 irali
479 2527 674 2602 Gnesncnsi
695 2524 799 2595 villas
822 2525 961 2606 Perlin,
985 2525 1110 2594 Berlin
1134 2527 1170 2594 et
1195 2525 1386 2611 Wojuczpn
1409 2523 1593 2604 restituit.⁸

45 2626 216 2704 edditnnm

45 2753 77 2812 rs,
99 2757 217 2810 rennn-
317 2659 329 2790 i
522 2739 683 2830 Angelus
722 2739 955 2810 miseracione
1003 2737 1127 2808 diuina
1166 2739 1354 2830 episcopus
1393 2737 1633 2822 PenestrinuS,
1674 2741 1903 2809 sacrosancte

45 2842 120 2934 elijs
143 2869 215 2916 enn·
318 2845 328 2922 i
392 2855 521 2924 lemene
543 2852 579 2919 et
600 2845 814 2919 uniuersalis
838 2846 987 2917 ecclesie
1011 2843 1213 2930 cardinalis,
1237 2845 1435 2917 Laudensis
1450 2847 1647 2936 uulgariter
1662 2849 1902 2937 nuncupatus,
1956 2883 1961 2894 ·

45 2969 95 3019 ms
119 2953 216 3022 bene
319 2951 330 3051 ξ
390 2957 555 3029 eanonicus
579 2955 807 3038 Gnczuensis‚
839 2956 897 3024 cui
923 2952 1011 3025 allas
1034 2973 1098 3048 per
1121 2952 1236 3025 felicis
1267 2951 1521 3025 reeordationis
1552 2952 1738 3025 dominnm
1760 2953 1903 3024 Bonifa-

45 3063 61 3128 t
82 3061 216 3148 quibu,-
319 3072 330 3150 i
391 3069 459 3136 rium
480 3082 608 3156 papam
631 3061 721 3133 Vllll
744 3060 814 3132 fuit
837 3063 1022 3153 prouisum
1046 3059 1090 3132 de
1114 3060 1351 3153 infrascriptis
1375 3060 1567 3148 duabusis)
1599 3061 1697 3132 uillis
1721 3064 1758 3132 et
1780 3080 1904 3132 earum

45 3185 84 3235 re
107 3187 215 3236 cassa·
319 3163 330 3260 ξ
392 3171 549 3255 lmelibus,
578 3168 776 3242 redditibus
800 3173 836 3254 ei
858 3169 1091 3263 prouennbus
1122 3171 1160 3240 in
1184 3170 1327 3242 titulum
1356 3171 1518 3262 perpetui
1542 3169 1776 3240 ecclesiastici
1799 3168 1903 3240 bene·

45 3273 214 3348 titutionis.
320 3272 330 3306 ³
392 3279 457 3369 licii,
483 3277 549 3350 boo
572 3277 676 3350 modo
699 3279 926 3370 nuncupatis
956 3275 1124 3349 videncet
1154 3279 1315 3360 Perticae,
1345 3279 1500 3349 Berlino
1530 3280 1567 3348 et
1598 3277 1810 3363 Vomitus)
1834 3297 1903 3367 que

65 3380 100 3450 Si
140 3381 214 3469 qni«
273 3432 277 3440 .
320 3385 329 3460 l
392 3385 463 3468 cille,
483 3390 523 3456 nt
544 3385 666 3470 fertur,
690 3388 775 3456 sunt
798 3383 842 3457 de
866 3404 991 3456 mensa
1015 3385 1162 3478 capituli
1187 3389 1223 3455 et
1238 3387 1490 3456 canonicorum
1507 3383 1657 3456 ecclesio
1673 3383 1903 3468 Gneznensis,

45 3489 74 3557 is
98 3487 158 3556 Dei
184 3501 211 3552 c
320 3511 329 3602 p
392 3511 465 3563 nunc
485 3492 607 3566 solatio
632 3493 883 3564 canonicomm
907 3495 944 3564 in
969 3513 1011 3564 ca
1035 3499 1071 3564 et
1093 3495 1131 3564 in
1155 3490 1287 3565 diuinis
1310 3491 1556 3576 residentium,
1579 3511 1643 3584 pro
1663 3493 1790 3597 maiori
1803 3496 1905 3585 parte

87 3594 212 3662 licitum
320 3603 330 3702 ξ
391 3595 543 3686 destitute,
565 3605 709 3695 propter
732 3601 899 3671 altissimi
922 3600 989 3673 Dei
1012 3605 1049 3672 ei
1071 3599 1186 3671 diuini
1209 3601 1326 3672 cultus
1356 3599 1492 3671 assidui
1516 3599 1720 3672 celebrandi
1742 3619 1905 3695 reueren-

320 3707 329 3796 ’ς
393 3707 468 3790 iarn,
499 3728 541 3780 ae
571 3709 705 3802 pulsati
733 3710 1005 3780 instantissimis
1037 3708 1202 3800 precibus
1233 3712 1270 3780 et
1291 3708 1420 3779 litt-eris
1452 3728 1494 3779 ac
1515 3709 1660 3800 nuncijs
1681 3709 1907 3780 serenissimi

51 3811 213 3899 imperpr·
321 3825 332 3906 p
392 3821 417 3878 n
435 3815 651 3888 inuictissimi
673 3819 855 3910 principis,
881 3815 1016 3888 demini
1040 3815 1228 3888 Wladislai
1259 3815 1326 3887 Del
1356 3818 1479 3906 gracia
1501 3819 1598 3906 regis
1620 3815 1765 3888 Polonie
1788 3814 1906 3888 Litus·
1950 3855 1955 3862 ·

45 3939 53 3986 r
86 3917 213 4004 scripu
320 3907 332 3980 i
394 3917 495 4010 alequa
516 3929 552 3996 et
573 3922 714 3996 heredis
742 3925 870 3996 Russie
901 3927 967 3995 elo.
1001 3944 1043 3995 ac
1073 3927 1278 4018 compuncti
1309 3926 1557 4016 compassione
1587 3928 1624 3994 et
1654 3925 1802 3996 caritate
1833 3927 1906 3996 ani·
1977 3923 1981 3930 ’

45 4023 83 4094 rel
107 4020 210 4092 alluat
394 4041 506 4101 aamm
529 4030 787 4116 detunctorum,
811 4033 850 4103 in
874 4030 969 4103 dieta
993 4031 1146 4103 eeclesia
1169 4031 1432 4115 dormientium,
1456 4049 1609 4122 quarum
1624 4030 1770 4103 diuinus
1787 4032 1905 4104 arelius

53 4129 210 4200 omnibns
321 4169 333 4192 ι
392 4137 604 4212 ‘teredones
628 4144 713 4212 sunt
735 4139 888 4232 pabulus
923 4142 960 4210 et
992 4139 1094 4210 cibus
1125 4139 1276 4223 celestis
1313 4159 1437 4210 earum
1474 4159 1585 4230 penas
1621 4139 1846 4210 annichilans
1870 4145 1907 4212 ei

45 4245 73 4308 et
96 4233 245 4306 aurula.
321 4231 334 4334 ἰ
394 4239 530 4316 minuens
553 4267 666 4339 usque
690 4245 735 4318 ad
759 4267 883 4318 carum
899 4247 1047 4318 finalem
1069 4245 1316 4318 liberationem
1340 4251 1376 4318 et
1390 4245 1660 4339 perduct-ionem
1676 4245 1724 4318 ad
1737 4246 1906 4319 celestem

59 4345 146 4412 boni
171 4355 210 4406 ⁸⁶
320 4359 333 4456 ξ
395 4351 519 4426 binam
555 4358 774 4448 perpetuam,
811 4353 916 4425 dictis
955 4355 1206 4447 impetratienl,
1247 4355 1468 4426 concessioni
1504 4359 1540 4424 et
1573 4356 1688 4444 gratie
1723 4353 1768 4426 de
1800 4353 1906 4426 dictis

45 4451 209 4522 proritare
321 4466 334 4500 ³
394 4451 476 4539 “illiti
505 4457 548 4532 de
571 4464 723 4548 Perdice,
754 4464 908 4533 Baetice
947 4467 982 4532 ei
1008 4459 1225 4548 Vcncaonob
1256 4464 1468 4534 anctoritate
1494 4461 1689 4552 apostolico
1711 4460 1815 4534 nobis
1838 4463 1906 4534 sub

48 4559 208 4649 hient-<w
394 4575 590 4660 utracumque
611 4569 801 4642 uerborum
823 4569 940 4641 forma
967 4570 1073 4654 facte,
1105 4568 1277 4654 cedimus,
1307 4571 1582 4641 renuneciamns
1612 4574 1649 4640 et
1679 4571 1777 4662 ipsas
1801 4569 1907 4642 uillas
1992 4603 1995 4610 ·

45 4666 99 4739 nri
118 4673 245 4732 tene*
381 4681 456 4749 ‚mu
481 4677 642 4761 omnibus
675 4679 751 4749 suis
785 4677 922 4749 iuribus
958 4682 994 4748 et
1027 4679 1260 4770 pertinencijs
1295 4677 1404 4748 libere
1424 4675 1578 4759 damus,
1617 4677 1847 4749 concedimus
1871 4683 1909 4750 et

45 4791 150 4848 ronnn
175 4777 206 4826 rt
394 4763 580 4855 liniemus
603 4785 697 4858 dicte
720 4785 870 4857 ecclesie
895 4784 1094 4858 (inemensi
1112 4788 1147 4856 ei
1163 4786 1318 4877 capitulo
1335 4782 1496 4856 ciusdem
1517 4783 1763 4868 imctuandas,
1788 4790 1908 4858 tenen·

45 4883 141 4954 ⁵11¹*ss
174 4879 205 4932 '⁴
319 4853 335 5040 ι
396 4871 442 4945 ⁴⁴⁸
461 4889 494 4956 ct
514 4892 763 4979 gubernandas
787 4913 828 4964 eo
853 4893 968 4978 mode,
994 4913 1063 4984 quo
1088 4899 1171 4964 ante
1191 4891 1332 4973 dictam
1348 4893 1641 4985 impetraoicnem
1663 4892 1907 4983 possidebant

45 4985 206 5060 stiteriot.
320 5041 335 5124 ί
395 4995 440 5118 {ft
468 5001 652 5072 canonicos
676 5003 712 5071 et
734 5001 932 5092 capitulum
965 5000 1058 5072 dicte
1092 5000 1242 5072 ecclesie
1277 5001 1315 5072 in
1352 5019 1397 5071 ea
1430 4996 1660 5082 residentiam
1683 4998 1849 5073 iaciendo
1873 5007 1910 5073 ei

45 5099 206 5206 >oepit-na
399 5093 531 5204 filinam
561 5109 707 5194 cultum,
744 5115 785 5180 ut
799 5185 803 5190 ,
816 5107 959 5203 expedit
982 5112 1017 5179 et
1041 5107 1153 5192 decet,
1192 5109 1360 5179 continue
1384 5106 1605 5179 celebrantes
1638 5109 1738 5179 iuxta
1770 5107 1907 5182 ordina·

45 5201 204 5274 scrutans?
319 5125 337 5296 θ
394 5203 502 5279 'illem
523 5215 650 5304 prelati
674 5217 894 5288 serenissimi
917 5217 1011 5304 regis
1046 5215 1179 5287 iactam
1213 5221 1249 5287 et
1272 5215 1498 5299 celebratam,
1530 5212 1575 5286 de
1605 5235 1678 5306 qua
1709 5217 1747 5286 in
1780 5214 1908 5288 littoris

45 5313 204 5379 >lenonem
321 5303 334 5388 ,¹
395 5297 527 5388 'lisdem
551 5319 683 5396 donriui
707 5327 802 5415 regis
833 5325 877 5395 lit
905 5327 1048 5397 mentio.
1096 5321 1254 5412 Quamm
1284 5323 1484 5394 litterarum
1515 5325 1617 5394 tenor
1647 5321 1691 5393 de
1721 5321 1832 5396 uerbo
1863 5321 1908 5396 ad

63 5410 205 5486 cliui-*inl
396 5410 519 5496 mbum
541 5434 701 5524 sequitur
723 5438 759 5504 et
782 5435 837 5504 est
861 5423 958 5504 talis':
