4714 6364
444 586 511 662 218

2260 669 2330 737 ‚z

444 785 546 874 bunt,
570 785 635 858 tali
659 785 877 873 condicione,
901 784 996 877 quod
1019 780 1096 878 ipso
1120 789 1156 856 et
1178 781 1236 856 sui
1260 801 1486 858 successores
1510 803 1553 857 ao
1574 749 1882 908 herefiei2esslfim
1899 845 1937 904 *a
1971 775 1972 778 ‘
2031 686 2320 908 ¹,pmPc(l)twtgzsin

446 895 540 968 dioto
562 893 772 967 hereditatis
806 913 1032 988 possessores
1063 897 1142 966 octo
1176 913 1316 966 marcas
1351 913 1558 984 grossonrm
1587 892 1741 966 latorum
1770 895 1813 973 de
1839 927 1938 1004 prop,
2034 912 2159 1002 ‚sfflnis
2180 885 2330 982 baptis·

445 1001 643 1076 hereditate
659 1023 789 1076 consus
806 1003 926 1088 annui,
949 1003 1026 1074 veri
1046 1005 1082 1072 et
1099 1000 1249 1092 legitimi
1264 991 1408 1074 soluant
1430 1007 1467 1072 et
1489 1001 1628 1074 soluere
1642 1002 1717 1072 sint
1739 1011 1865 1092 astricti
1883 1041 1926 1098 p,
2035 1083 2046 1104 ,.
2061 1053 2105 1106 ω,
2152 993 2325 1081 l‘rcscnti

444 1112 592 1206 poribus
628 1113 798 1184 euitemis
841 1110 1001 1183 munau
1033 1129 1075 1182 nc
1109 1110 1211 1181 altari
1245 1109 1349 1182 beate
1382 1110 1494 1182 llarie
1527 1110 1677 1202 virginis
1709 1113 1746 1182 et
1778 1135 1937 1216 saneim,
2037 1107 2143 1220 trima
2163 1111 2327 1205 episcopo

445 1219 614 1292 Iohannis
637 1219 800 1313 Baptista
830 1223 868 1292 et
895 1219 1062 1290 Iohannis
1093 1216 1323 1308 ewangeliste
1353 1239 1395 1290 ac
1417 1215 1602 1291 Adalberti
1632 1220 1786 1293 martiris
1814 1229 1849 1302 in
1877 1241 1939 1324 p„
2037 1295 2044 1324 f
2075 1211 2335 1310 wladislauiens

446 1327 599 1400 ecclesia
620 1327 854 1401 Pomaniensi
877 1327 973 1410 sitis:
997 1330 1033 1398 et
1055 1326 1185 1420 prelati
1209 1325 1440 1398 Wincencius
1465 1345 1548 1398 oum
1570 1327 1684 1398 Anna·
1700 1328 1882 1417 conthorali
1899 1378 1940 1434 aa
2039 1353 2146 1434 ,smine
2166 1309 2335 1402 Elisabeth

445 1436 610 1527 legitima
633 1457 675 1510 ac
696 1437 843 1510 Nicolao
866 1435 1019 1508 filiastro
1042 1437 1189 1507 terciam
1212 1439 1353 1527 partem
1376 1433 1584 1508 hereditatis
1607 1433 1751 1508 Maioris
1772 1439 1938 1534 Dombrw,
2042 1441 2197 1534 ⁴,prosario
2218 1421 2335 1502 Lublll

447 1546 562 1616 eciam
592 1547 774 1638 perpetuis
808 1543 1029 1636 temporibus
1060 1541 1306 1636 possidebunt,
1340 1563 1423 1615 cum
1454 1542 1620 1615 omnibus
1654 1563 1777 1616 earum
1798 1555 1941 1653 unum,
2052 1607 2071 1644 a
2093 1540 2237 1630 curiensi
2259 1533 2335 1604 eto

445 1655 559 1746 partis
579 1651 818 1724 hereditatum
833 1651 1058 1736 viiiitatibus,
1074 1650 1262 1738 fructibus,
1278 1651 1456 1737 censibus,
1475 1650 1718 1744 prodentibus,
1735 1658 1837 1745 agris,
1855 1656 1934 1756 pm,
2057 1653 2220 1744 ,nomimis
2248 1637 2335 1714 loha*

447 1758 600 1852 allodijs,
622 1764 778 1853 pascuis
803 1761 951 1853 campis,
980 1759 1092 1844 siluis,
1117 1758 1240 1843 bouis,
1272 1761 1376 1850 gaiis,
1409 1759 1625 1844 nemoribus,
1655 1759 1800 1846 rubetis,
1828 1782 1936 1852 menn,
2054 1787 2082 1852 ,ri
2103 1763 2283 1843 carisomus
2306 1761 2335 1816 ²¹

446 1866 623 1959 virgultis,
669 1867 874 1960 melliiieijs,
918 1865 1080 1952 lacubus,
1130 1869 1289 1960 piscinis,
1328 1867 1485 1952 fossatis,
1520 1869 1723 1960 piscaturis,
1761 1869 1935 1958 fluminibn·
2050 1888 2112 1975 arri,
2141 1873 2274 1944 siucero
2305 1871 2335 1924 m

445 1975 584 2070 nunus,
621 1978 719 2062 rivis,
751 1974 975 2078 molendinis
1014 1977 1117 2068 equ1s
1149 1977 1342 2048 eteorum
1376 1974 1586 2048 decursibus
1610 1979 1646 2047 et
1666 1977 1941 2066 generaliorem
2048 2003 2160 2074 aalma
2185 1962 2335 2044 docturi!

445 2083 613 2158 omnibus
646 2089 683 2156 et
705 2085 857 2174 ungulis
888 2085 1120 2177 pertinencijs
1157 2087 1195 2156 et
1228 2083 1507 2155 obuencionibus
1538 2085 1726 2170 uniuersis,
1760 2085 1806 2158 ad
1837 2097 1946 2174 emim
2184 2103 2189 2112 ·

445 2191 663 2266 hereditates
685 2194 1008 2284 utriusquepartis
1031 2190 1288 2284 spectantibus,
1312 2189 1423 2263 nichil
1445 2193 1594 2263 iuris-et
1616 2191 1763 2285 dominil
1788 2197 1826 2268 in
1845 2203 1941 2279 eisdee
2181 2171 2197 2228 ¹
2223 2171 2288 2236 Ψ
2314 2173 2335 2232 ¹¹

444 2319 509 2393 pro
533 2319 574 2372 se
597 2304 633 2373 et
656 2320 779 2374 eorum
793 2299 1060 2372 successoribus
1075 2298 1303 2389 rosemando,
1328 2319 1448 2372 coram
1470 2299 1573 2372 nobis
1597 2319 1695 2372 moro
1717 2301 1830 2390 solito,
1854 2310 1944 2382 riter
2053 2268 2212 2426 'Sim’
2236 2251 2335 2330 ΡΜ

445 2408 718 2493 racionabiliter,
756 2428 827 2479 non
859 2409 984 2492 coacti,
1017 2427 1089 2479 non
1124 2407 1309 2501 compulsi,
1341 2427 1409 2480 neo
1432 2409 1550 2499 aliquo
1585 2427 1701 2480 errore
1724 2407 1868 2500 seducti,
1894 2439 1947 2492 su.

285 2531 317 2606 ᾖ
446 2521 567 2588 mento
591 2522 629 2588 et
650 2536 795 2608 corpore
825 2518 1030 2601 existentes,
1065 2517 1122 2587 vsi
1146 2519 1343 2588 andcorum
1366 2536 1514 2588 suorum
1537 2517 1694 2602 consilio,
1731 2517 1802 2590 sibi
1828 2521 1944 2597 inuios:
2043 2521 2046 2526 Δ

437 2629 618 2718 perpetuo
631 2627 1001 2716 resignamntmutuo
1015 2620 1222 2709 tenendum,
1245 2623 1460 2709 habendum,
1484 2623 1723 2711 vendendum,
1744 2626 1943 2718 obligandus.
2146 2673 2149 2680 «

385 2765 388 2770 ’
444 2732 594 2804 ulterius
618 2732 923 2816 commutandum,
948 2730 1188 2816 alienandum,
1210 2731 1478 2824 possidendum,
1500 2731 1756 2820 vtiimendum,
1780 2739 1817 2806 et
1836 2739 1871 2808 in
1889 2759 1948 2810 rsu
2063 2765 2120 2834 rii.
2162 2747 2256 2821 1414.
2280 2735 2335 2808 die

445 2841 606 2934 ipsorum
630 2861 673 2912 ao
696 2859 946 2935 successomm
968 2839 1210 2932 beneplacitos
1234 2838 1525 2926 conuertendum,
1548 2845 1655 2934 prout
1676 2841 1767 2935 ipsis
1789 2845 1825 2914 et
1844 2863 1952 2918 succe
2300 2925 2302 2930 ,

445 2947 587 3020 soribus
612 2948 741 3020 melius
765 2953 802 3020 et
822 2949 947 3019 vtilius
969 2947 1150 3020 videbitur
1172 2947 1348 3040 expedire.
1393 2947 1467 3022 Nos
1490 2969 1574 3020 vero
1598 2947 1713 3021 dictas
1738 2955 1952 3023 commutaris
2200 2939 2323 3014 Peleus

445 3075 530 3127 nem
554 3075 638 3127 cum
662 3054 849 3128 addicione
873 3061 910 3128 et
930 3058 1217 3146 resignacionom
1238 3060 1347 3142 ratas,
1378 3061 1500 3147 gratas
1525 3059 1632 3148 atque
1653 3056 1780 3129 sirmas
1802 3055 1951 3130 habente.
2068 3045 2302 3134 huthoiomaei
2329 3039 2335 3112 l

446 3163 723 3249 ratificauimus,
746 3163 1044 3254 gratificauimus,
1076 3163 1382 3250 coniirmardmus,
1413 3164 1648 3250 ratificamus,
1679 3163 1951 3256 gratiiioamuoc
2078 3168 2238 3242 neretum,
2261 3153 2335 3264 inte⁴

444 3271 673 3365 presentibus
703 3271 961 3344 confirmamus
991 3273 1173 3364 perpetuis
1202 3272 1424 3365 temporibus
1453 3271 1530 3345 iore
1552 3274 1737 3345 valituros.
1781 3273 1953 3345 Nichilonl·
2073 3277 2182 3354 tubiro,
2202 3267 2335 3338 litem(

445 3399 515 3451 nus
539 3382 655 3452 eciam
686 3378 924 3470 adiungendo,
960 3379 1055 3471 quod
1085 3380 1227 3473 prelata
1259 3379 1440 3453 hereditas
1464 3383 1627 3453 liezelino
1650 3383 1687 3453 in
1710 3383 1768 3453 ius
1802 3381 1955 3474 spirituale

445 3487 490 3582 de
512 3489 590 3559 iure
614 3487 767 3559 seculari
790 3491 838 3559 sit
861 3487 1007 3560 redacta
1030 3492 1065 3559 et
1088 3490 1281 3578 resignata,
1305 3493 1341 3560 et
1363 3490 1437 3561 iam
1461 3487 1506 3561 de
1528 3489 1624 3562 iacto
1640 3489 1831 3580 redigatur,
1853 3490 1955 3580 ipsan-
2213 3463 2252 3535 R·
2297 3453 2335 3524 W

445 3615 515 3684 que
540 3593 585 3666 ab
608 3595 775 3677 omnibus
799 3595 1059 3680 exaccionibus,
1091 3597 1342 3681 solucionibus,
1374 3596 1674 3691 expedicionibus,
1701 3598 1863 3689 seruioijs
1882 3613 1956 3682 rega·
2079 3605 2112 3671 p»
2131 3577 2223 3646 ⁸²⁰&
2246 3561 2335 3658 ‘ihm

445 3700 539 3774 libus
569 3701 818 3775 libertarimus
842 3709 880 3775 et
901 3704 1127 3796 presentibus
1157 3705 1378 3790 libertamus,
1408 3710 1446 3777 et
1475 3705 1571 3796 quod
1594 3727 1646 3790 ea,
1677 3725 1750 3795 qua
1771 3723 1888 3777 omnes
1908 3701 1956 3772 riir
2082 3689 2146 3770 inin
2168 3683 2267 3774 pina,
2290 3671 2335 3745 ¹¹1¹

447 3810 530 3882 ville
560 3831 690 3882 mense
716 3812 928 3904 episcopalis
960 3817 996 3883 et
1019 3813 1166 3905 capituli
1189 3811 1441 3885 Poznaniensis
1465 3812 1623 3904 gaudeat
1644 3812 1817 3898 libertate,
1846 3807 1956 3883 duobus
2083 3792 2270 3916 pollescens
2291 3785 2335 3852 ω

446 3920 582 4009 grossis
622 3917 667 3990 dc
710 3919 868 4010 quolibet
906 3940 1032 3992 manso
1074 3922 1306 3993 exaccionum
1344 3919 1520 4011 regalium
1559 3922 1698 3994 soluere
1737 3922 1957 4019 consuetorum
2086 3920 2129 3967 nra
2150 3889 2335 3986 bt'ssl’libffl

446 4025 659 4119 dumptaxat
682 4031 849 4120 exceptis.
896 4027 1032 4099 Harum
1056 4029 1201 4119 quidem
1224 4029 1383 4118 sigillum
1407 4034 1570 4101 nostrum
1593 4033 1649 4101 est
1669 4047 1865 4123 appensum
1884 4023 1959 4098 testi·
2087 4003 2220 4094 smper.
2265 3997 2334 4070 Km

446 4136 565 4206 monio
587 4135 783 4208 literarum.
829 4138 964 4208 Actum
988 4141 1024 4207 ei
1047 4135 1171 4208 datum
1194 4136 1370 4208 Poznsnie
1400 4137 1491 4209 feria
1519 4140 1632 4209 tercia
1660 4142 1742 4230 post
1772 4134 1958 4210 dominicam
2089 4102 2335 4228 ³1¹¹¹1¹l⁰5S²J

445 4241 573 4313 Letare
595 4245 635 4313 in
656 4246 810 4316 summis
830 4245 992 4316 terminis
1015 4253 1167 4337 protunc
1190 4245 1389 4330 celebratis,
1414 4265 1507 4317 anno
1531 4245 1675 4319 Domini
1691 4245 1875 4318 millesimo
1895 4255 1958 4328 qul·
2093 4221 2335 4346 iiibiszimm‘

444 4348 725 4440 dringentesimo
748 4357 873 4442 quarto
890 4351 1039 4425 decimo.
1086 4353 1314 4424 Presentibns
1337 4351 1600 4426 venerabilibus
1625 4375 1668 4426 ao
1689 4351 1864 4426 nobilibus
1884 4343 1959 4415 viris.
2094 4345 2121 4396 ii
2139 4329 2269 4408 diderit
2291 4318 2335 4393 10]

445 4456 618 4529 dondnis:
666 4459 874 4531 Wincenoio
891 4459 936 4531 de
951 4463 1216 4546 Morcsiocowo,
1242 4461 1375 4532 decano
1391 4461 1620 4546 Gneznensis,
1645 4461 1788 4534 Nicolao
1805 4459 1848 4532 de
1869 4457 1959 4528 Gom

445 4566 668 4650 cancellario,
693 4565 802 4639 Paulo
826 4568 870 4639 de
895 4569 1076 4640 Geechowo
1100 4570 1270 4640 canonico
1295 4568 1547 4642 Poonaniensis
1571 4570 1812 4653 ecclesiarum,
1840 4557 1961 4638 Nicolao

444 4673 489 4743 de
512 4674 712 4758 Ozorucow,
737 4674 865 4760 iudice,
888 4675 1094 4748 hiroczcone
1118 4674 1163 4748 de
1186 4678 1389 4748 Glescczewo
1418 4677 1616 4763 subindice,
1648 4677 1810 4750 Paskone
1832 4672 1875 4745 de
1895 4669 1962 4738 Ros·

444 4783 602 4852 drozoco
634 4781 898 4854 subcamerario
932 4783 1244 4870 Poznanionsibus,
1274 4785 1423 4856 Derslao
1455 4786 1499 4858 de
1523 4787 1725 4874 crzpslioee,
1755 4785 1910 4857 Kussone
1929 4767 1962 4838 di

444 4891 634 4974 Golonczo,
672 4889 818 4961 Andrea
852 4889 992 4984 Crupoa
1027 4892 1071 4963 do
1100 4894 1277 4964 Scorzeroo
1300 4893 1501 4979 heredibus,
1533 4900 1569 4965 et
1604 4895 1686 4985 alijs
1716 4881 1963 4985 quampluribus

444 4995 640 5086 iidedignis
671 4997 823 5068 testibus
855 4999 901 5070 ad
923 5003 1100 5092 premissa
1130 5004 1267 5073 vocatis
1299 5002 1502 5093 specialiter
1533 5007 1568 5074 et
1591 5005 1725 5092 rogatis
1756 5004 1793 5072 in
1816 4995 1917 5070 iidem
1937 4991 1962 5051 ot

446 5105 693 5179 testimonium
716 5109 877 5178 omnium
902 5111 1168 5199 premissorum.
1215 5109 1282 5180 Per
1298 5129 1426 5182 manus
1442 5109 1579 5182 Nicolai
1603 5111 1647 5182 de
1670 5113 1888 5198 Dobposcewo
1909 5091 1964 5188 plo·

443 5212 527 5284 bani
552 5212 816 5298 Poznanionsis,
840 5217 953 5286 nostri
976 5217 1117 5308 notarij.

2239 4517 2335 4578 hreni

605 5355 772 5413 Dokrrrnent
797 5359 1014 5432 purgaminowy,
1038 5345 1240 5433 pracchorrcny
1268 5378 1293 5416 rr
1320 5361 1473 5418 aoehiwmn
1500 5361 1630 5436 kapituly
1660 5357 1831 5428 katedrulnoj
1862 5337 1964 5427 lorum·

442 5444 523 5516 ekiej,
541 5451 696 5519 opsirzony
715 5447 764 5520 hyl
783 5449 946 5521 piorwotuio
973 5448 1056 5519 jcdnu
1075 5451 1221 5522 plecteris,
1247 5467 1284 5524 po
1312 5450 1400 5522 hidroj
1430 5451 1511 5526 tylko
1538 5453 1657 5509 summi,-
1686 5471 1701 5508 2
1733 5449 1817 5507 brad„
1844 5447 1966 5500 pigno-vr·

440 5535 580 5606 jodnubin
600 5536 734 5611 pozostai.
