4722 6360
364 721 517 818 expsut
550 723 739 808 mussa,
774 717 1106 814 queaeramus
1142 713 1304 811 alliganti
1338 725 1505 815 respectu
1538 711 1585 794 ιι
1607 721 1681 796 aa
1717 705 1904 806 tarasius
1988 774 1989 777 κ

364 830 602 918 honestatem,
633 835 670 903 et
692 831 899 904 dcuooionls
922 833 1169 904 constanciam
1192 829 1350 922 religiosi
1372 831 1444 902 riri
1465 829 1638 904 (lethardi
1661 829 1802 904 abbatis
1823 852 1905 912 vna.
1983 871 1984 874 κ

365 959 448 1012 cum
471 937 644 1012 iratribus
676 941 753 1012 suis
789 943 989 1014 conuentus
1016 940 1055 1010 ln
1077 940 1219 1024 Lenda,
1256 937 1390 1010 ordinis
1426 934 1684 1026 cisterciensis,
1716 937 1903 1032 quibusln

365 1052 560 1140 conspeetu
583 1049 782 1121 malestatis
815 1052 937 1122 nostre
960 1045 1262 1124 commendabiles
1285 1065 1366 1120 esse
1388 1047 1584 1140 plurimum
1615 1052 1831 1134 meruerunt,
1861 1053 1905 1128 ad
1987 1143 1988 1146 Ν

364 1158 541 1227 instantes
564 1154 791 1258 bumllesque
812 1158 1009 1250 peticiones
1034 1153 1174 1226 abbatis
1199 1157 1468 1247 conuentusque
1490 1153 1742 1248 predictam,
1766 1159 1905 1250 cupien-

230 1351 232 1354 Ι
363 1269 420 1334 tes
458 1269 659 1338 conuentus
692 1267 808 1358 ipsius
843 1261 1090 1338 condicionem
1121 1262 1268 1352 (iacere)
1303 1263 1488 1336 meliorem
1520 1265 1557 1335 et
1587 1262 1760 1336 utilitates
1793 1265 1905 1357 ipsius

365 1367 542 1444 deducere
564 1373 603 1445 in
626 1377 872 1464 augmentum,
897 1371 941 1444 de
964 1369 1051 1444 villa
1072 1374 1234 1464 ipsorum
1249 1367 1347 1444 dicta
1366 1373 1602 1461 ammom)
1622 1373 1662 1444 in
1677 1376 1773 1444 terra
1786 1377 1906 1450 nostm

364 1479 490 1552 Maiori
512 1477 668 1567 Paionia,
702 1484 741 1553 tn
764 1480 931 1554 districtu
953 1499 1038 1552 vero
1067 1477 1272 1570 Conynenst
1303 1482 1383 1563 sita
1416 1481 1602 1552 eitdtatem
1634 1478 1753 1554 locare
1775 1478 1905 1559 ibidem
2058 1560 2067 1581 ,

365 1591 402 1660 ιι
424 1588 571 1662 eisroere
592 1593 765 1684 perpetuo
788 1587 1008 1674 duraturam,
1033 1589 1177 1682 plenam
1201 1584 1329 1660 damus
1353 1593 1390 1660 et
1411 1588 1656 1662 omnimodam
1679 1587 1905 1667 concedimus

365 1695 576 1770 laenitatem
601 1705 724 1772 tenore
748 1701 991 1792 presencium:
1021 1695 1149 1768 dmtes
1173 1701 1209 1768 et
1232 1695 1468 1768 concedentes
1500 1695 1617 1770 eidem
1640 1699 1779 1770 ciuitati
1800 1699 1906 1790 Sopo-
1996 1741 2047 1779 as
2157 1765 2164 1782 ,
2301 1754 2311 1773 .

363 1810 492 1894 roomo)
517 1809 638 1880 omnia
660 1809 739 1880 iura
762 1807 893 1891 ciuilia,
917 1805 1048 1898 quibus
1072 1808 1110 1877 et
1131 1807 1258 1884 cetere
1272 1807 1438 1879 ciuitates
1451 1808 1554 1896 regni
1569 1808 1682 1878 nostri
1705 1806 1906 1882 omnimode

364 1917 565 2006 pociuntur.
611 1913 659 1988 ιιι
679 1919 721 1987 vt
747 1917 877 1988 ciuitas
899 1916 982 2006 ipse
1002 1916 1171 2002 Ζοριιοιο
1193 1911 1355 2006 predicta
1377 1933 1419 1986 eo
1443 1913 1572 1986 melius
1603 1913 1769 1988 collocari
1789 1913 1907 1990 velent
2043 1961 2047 1969 =
2191 1909 2195 1920 ’

294 2045 297 2052 ’
366 2025 404 2092 et
424 2021 506 2094 iteri
529 2023 714 2116 populosa,
742 2025 860 2116 ipsam
875 2020 929 2095 de
951 2025 1029 2096 iure
1051 2019 1218 2094 Polonioo
1241 2023 1279 2094 ιιι
1301 2023 1359 2093 ius
1390 2019 1665 2108 'lheutunicum
1697 2021 1793 2114 quod
1813 2021 1907 2116 Mey-

365 2128 590 2221 deburgense
613 2127 754 2217 dicitur,
783 2129 1036 2202 transierimus
1058 2133 1231 2222 perpetuo
1262 2121 1488 2214 du'raturum3
1518 2133 1744 2202 remouentes
1774 2129 1906 2206 ibidem

364 2240 487 2310 omma
508 2239 589 2312 iura
610 2238 835 2324 Polonioalia,
867 2237 992 2310 modos
1016 2239 1053 2309 et
1074 2235 1351 2310 consuetudines
1380 2240 1579 2323 uniuersas,
1610 2255 1679 2328 que
1707 2239 1829 2331 ipsum
1850 2241 1906 2313 ius

367 2343 632 2418 Theutunloum
655 2345 962 2436 Meydebrugense
984 2342 1185 2438 predictum
1208 2343 1417 2438 perturbare
1432 2348 1696 2418 mnsneuemnt
1710 2348 1748 2416 et
1761 2351 1907 2438 possent

365 2451 567 2543 aliqualiter
589 2453 772 2547 impedire.
818 2452 1021 2526 Eximimus
1044 2455 1201 2545 insuper,
1226 2452 1448 2525 absoluimus
1471 2456 1510 2525 et
1527 2457 1699 2546 perpetuo
1713 2452 1909 2530 liberamus

366 2560 593 2648 aduocatum,
629 2565 728 2634 ciues
758 2567 795 2633 st
820 2561 957 2634 incolas
987 2561 1145 2657 ciuitatis
1179 2559 1340 2644 eiusdem
1375 2560 1421 2633 ab
1455 2563 1554 2634 omni
1586 2559 1837 2634 iurisdieoioue
1873 2567 1908 2634 et

333 2671 545 2760 ,potesate
567 2672 729 2742 omniurn
751 2673 853 2760 regni
875 2671 990 2742 nostri
1008 2647 1259 2763 palatinorum,
1283 2668 1569 2761 castellanorum,
1588 2667 1765 2754 iudicum,
1788 2668 1907 2741 subiu-
2049 2751 2052 2758 ,
2103 2653 2111 2666 ’
2189 2645 2196 2659 ’

366 2775 488 2848 dicum
523 2783 560 2848 et
583 2771 792 2869 quorbmuis
827 2777 1040 2850 officialium
1065 2779 1128 2865 (et)
1152 2756 1441 2848 ministerialium
1478 2775 1683 2862 eorundem,
1715 2780 1758 2848 vt
1788 2795 1907 2850 eoram

366 2886 456 2976 ipsis
478 2883 537 2956 vei
561 2905 685 2957 eomm
708 2886 826 2977 aliquo
849 2905 914 2978 pro
938 2887 1058 2958 causis
1081 2887 1158 2957 tam
1181 2886 1335 2975 magnis,
1358 2903 1468 2975 quam
1490 2887 1613 2978 pannis
1638 2885 1737 2958 citati
1760 2885 1907 2958 minime

366 2991 583 3084 respondere
606 2991 770 3079 debeant,
801 3013 868 3066 neo
892 2993 1032 3084 aliquas
1054 3013 1167 3086 penas
1204 2992 1344 3065 soluere
1376 2995 1450 3064 sint
1482 2995 1608 3065 astriot
1608 2993 1636 3075 i;
1591 2990 1736 3064 tsed
1767 2997 1907 3065 tantum

367 3097 512 3190 opidani
535 3105 572 3172 et
594 3099 709 3173 incole
732 3101 853 3195 oppidi
876 3119 942 3172 seu
965 3101 1122 3172 claritatis
1146 3099 1309 3172 eiusdem
1325 3119 1446 3191 coram
1468 3119 1534 3172 suo
1556 3099 1740 3185 aduocato,
1764 3102 1827 3191 qul
1843 3120 1906 3194 pro

367 3207 528 3298 tempore
550 3206 670 3292 luerit,
695 3207 893 3282 aduocatos
917 3227 1002 3279 vero
1027 3227 1147 3280 coram
1172 3207 1301 3280 abbata
1323 3227 1400 3293 suo.
1425 3212 1490 3280 aut
1503 3210 1535 3280 si
1552 3207 1688 3281 abbas
1677 3227 1716 3280 ιιι
1731 3205 1911 3280 reddenda

368 3315 512 3386 iusticia
535 3315 724 3406 negligens
747 3316 857 3390 tuerit
841 3321 917 3389 tet
938 3318 1123 3400 remissus,
1147 3319 1236 3388 tuno
1259 3334 1381 3388 eoram
1403 3314 1506 3388 nobis
1523 3319 1587 3389 aut
1600 3321 1721 3414 ιιιιιιο
1737 3314 1909 3406 colloquio

368 3422 537 3511 generali,
580 3420 667 3495 dum
701 3444 766 3517 per
786 3411 944 3497 litteram
967 3429 1139 3508 nostram,
1179 3428 1300 3496 nostro
1342 3423 1460 3513 sigillo
1497 3403 1702 3514 sigillatam,
1740 3426 1909 3495 euocatus

368 3530 478 3601 tuerit
501 3533 538 3601 et
560 3533 703 3616 citatus,
727 3550 800 3605 non
824 3531 965 3604 aliteri
949 3537 1046 3616 ι,ιιιιι
1071 3551 1179 3624 quam
1198 3551 1267 3604 suo
1280 3533 1358 3604 iure
1373 3530 1596 3604 montaneo
1615 3530 1910 3624 Mepdeburgensl

370 3635 414 3708 de
437 3657 478 3708 se
501 3638 773 3729 querulantibus
796 3639 976 3712 tenebitur
998 3638 1269 3731 respondere;
1259 3659 1297 3710 m
1321 3642 1440 3712 earnis
1463 3644 1585 3712 autem
1609 3639 1853 3712 criminalibus
1876 3641 1912 3710 et

371 3745 594 3837 capitalibus,
625 3751 715 3839 puta
743 3746 841 3831 furti,
876 3749 1076 3838 sanguiris,
1108 3746 1305 3839 homicidii
1341 3747 1581 3820 membrorum
1615 3748 1854 3820 mutilaoionis
1877 3749 1913 3816 et

370 3851 526 3946 lucendij
553 3857 590 3925 et
612 3853 801 3945 quibusuls
825 3855 906 3947 aliJs
931 3855 1136 3927 enormibus
1160 3855 1366 3928 excessibus
1397 3855 1570 3928 aduocato
1602 3855 1762 3926 eiusdem
1793 3851 1913 3947 oppidi

370 3980 437 4033 seu
450 3963 620 4048 ciuitatis,
644 3964 707 4054 qui
724 3981 789 4056 pro
802 3965 963 4056 ternpore
985 3962 1104 4049 inerit,
1128 3966 1168 4035 in
1181 3966 1289 4035 metis
1306 3969 1342 4036 et
1356 3965 1527 4056 grenielis
1543 3961 1704 4036 eiusdem
1719 3959 1911 4045 iudicandi,

371 4067 628 4154 sentenciandi,
652 4067 863 4160 corrigendi,
877 4071 1060 4163 puniendi,
1077 4069 1256 4163 plectendi
1272 4075 1309 4143 et
1323 4068 1611 4163 condempnandi
1624 4070 1768 4164 plenam
1785 4069 1913 4142 damus

371 4183 408 4248 et
430 4176 673 4250 omnimodam
697 4183 819 4250 tenore
841 4182 1069 4270 presencium
1092 4175 1323 4250 consedimus
1346 4178 1567 4263 facultatem,
1590 4178 1780 4271 prouthoc
1794 4180 1913 4272 ipsum

371 4285 428 4356 ius
452 4284 717 4357 'Pheutunioum
740 4287 779 4358 ia
801 4287 967 4358 omnibus
991 4290 1068 4358 suis
1091 4275 1246 4380 punctis,
1271 4287 1538 4359 condicionibus
1555 4290 1592 4358 et
1610 4285 1780 4358 clausulis
1795 4288 1913 4378 postu·

371 4392 423 4464 ιιι
446 4397 483 4464 ιι
504 4395 662 4483 requirit,
696 4393 834 4466 iuribus
858 4399 979 4466 tamen
1003 4398 1135 4467 nostris
1158 4395 1340 4485 regalibus
1362 4399 1402 4466 in
1424 4395 1591 4467 omnibus
1621 4414 1763 4487 semper
1792 4393 1925 4464 saluis·

372 4498 573 4572 Stattumus
598 4521 739 4592 quoque
762 4503 800 4574 in
823 4501 950 4574 eodem
973 4503 1103 4594 oppido
1127 4523 1192 4574 seu
1223 4503 1369 4576 ciuitate
1398 4505 1572 4591 Zoqorow
1600 4501 1696 4573 diem
1719 4500 1788 4573 lori
1811 4499 1914 4573 abdo

373 4607 525 4680 madalis
549 4609 702 4698 singulis
726 4609 863 4700 quartis
886 4609 988 4701 ier'qjs
1021 4609 1156 4701 absque
1180 4616 1379 4683 ceterarum
1408 4609 1604 4702 preludioio
1628 4611 1817 4681 ciuitatum
1839 4626 1915 4700 per·

339 4719 344 4726 '
373 4721 482 4807 petuo
506 4714 775 4798 celebrandum:
799 4719 837 4788 in
861 4737 931 4807 quo
955 4716 1101 4808 quidem
1125 4717 1201 4789 foro
1226 4718 1379 4808 singulis
1403 4722 1440 4789 ct
1462 4711 1629 4788 omnibus
1658 4715 1914 4789 mercatoribus

373 4828 410 4895 et
432 4824 706 4915 quibuscunque
729 4823 934 4896 hominibus
957 4826 1095 4898 licitum
1121 4829 1169 4897 sit
1192 4831 1227 4897 et
1250 4826 1402 4897 liberum
1416 4823 1580 4909 vendere,
1606 4844 1733 4910 emere,
1758 4843 1914 4896 commu·

372 4937 450 5003 tare
474 4937 511 5002 et
533 4952 758 5024 quecumque
796 4936 1029 5006 mercimonia
1063 4953 1235 5005 exercere.
1283 4933 1418 5006 Harum
1454 4933 1585 5022 quibus
1624 4952 1822 5025 appensum
1861 4934 1916 5002 cst

373 5040 533 5130 sigillum
565 5043 728 5111 nostrum
763 5043 967 5114 testimonio
1002 5043 1211 5114 litterarum.
1253 5042 1393 5138 ,Datum
1427 5043 1464 5113 ιιι
1499 5043 1718 5128 Nepolomiee
1751 5042 1829 5132 ipso
1859 5037 1916 5110 die

372 5153 498 5220 sancte
520 5145 705 5218 Elisabeth
730 5148 844 5232 vidue,
870 5169 963 5221 ιιιιιο
987 5148 1129 5221 Domini
1156 5149 1206 5220 ιιι0
1229 5145 1356 5222 0000ο
1379 5149 1464 5220 tila
1512 5148 1740 5219 Preseutibus
1755 5165 1916 5219 reueren-

373 5255 430 5328 dis
465 5257 504 5327 in
531 5255 671 5327 Christo
705 5256 867 5346 patribus
901 5263 936 5328 et
969 5255 1138 5328 dominis:
1174 5257 1319 5328 Nicolao
1352 5261 1477 5328 sancte
1510 5253 1730 5328 Gnezneusis
1765 5255 1915 5328 ecclesie
1947 5303 1951 5312 .

374 5363 653 5458 archiepiscopo,
676 5363 822 5435 Alberto
847 5367 1013 5456 episeopo
1031 5365 1272 5449 l‘oznauieusi,
1297 5364 1453 5436 Iohanne
1469 5363 1514 5436 de
1531 5367 1707 5433 i'lmrumo
1723 5361 1914 5434 castellano

373 5479 410 5546 et
428 5475 620 5566 capitaneo
644 5471 882 5556 Cracouicusi,
907 5471 1010 5578 Petro
1031 5472 1151 5543 limite
1166 5473 1403 5558 Cracouiensi,
1428 5471 1583 5544 Iohanne
1615 5471 1770 5560 bigama
1794 5469 1915 5541 Lanci-
