<?xml version="1.0" encoding="UTF-8"?>
<!DOCTYPE html PUBLIC "-//W3C//DTD XHTML 1.0 Transitional//EN"
    "http://www.w3.org/TR/xhtml1/DTD/xhtml1-transitional.dtd">
<html xmlns="http://www.w3.org/1999/xhtml" xml:lang="en" lang="en">
 <head>
  <title>
</title>
<meta http-equiv="Content-Type" content="text/html;charset=utf-8" />
  <meta name='ocr-system' content='tesseract 3.04.00' />
  <meta name='ocr-capabilities' content='ocr_page ocr_carea ocr_par ocr_line ocrx_word'/>
</head>
<body>
  <div class='ocr_page' id='page_1' title='image "./codexdiplomatic06zakrgoog_0254.png"; bbox 0 0 4706 6356; ppageno 0'>
   <div class='ocr_carea' id='block_1_1' title="bbox 1845 490 2011 592">
    <p class='ocr_par' dir='ltr' id='par_1_1' title="bbox 1845 490 2011 592">
     <span class='ocr_line' id='line_1_1' title="bbox 1845 490 2011 592; baseline -0.012 -32"><span class='ocrx_word' id='word_1_1' title='bbox 1845 490 2011 592; x_wconf 13' lang='lat' dir='ltr'>‘us</span> 
     </span>
    </p>
   </div>
   <div class='ocr_carea' id='block_1_2' title="bbox 479 671 2013 794">
    <p class='ocr_par' dir='ltr' id='par_1_2' title="bbox 479 671 2013 794">
     <span class='ocr_line' id='line_1_2' title="bbox 479 671 2013 794; baseline -0.008 -28"><span class='ocrx_word' id='word_1_2' title='bbox 479 716 538 794; x_wconf 84' lang='lat' dir='ltr'>per</span> <span class='ocrx_word' id='word_1_3' title='bbox 560 689 648 761; x_wconf 87' lang='lat' dir='ltr'>duos</span> <span class='ocrx_word' id='word_1_4' title='bbox 671 685 788 778; x_wconf 92' lang='lat' dir='ltr'>pullos</span> <span class='ocrx_word' id='word_1_5' title='bbox 812 688 850 757; x_wconf 89' lang='lat' dir='ltr'>in</span> <span class='ocrx_word' id='word_1_6' title='bbox 873 684 1030 776; x_wconf 87' lang='lat' dir='ltr'>quolibet</span> <span class='ocrx_word' id='word_1_7' title='bbox 1054 707 1146 784; x_wconf 82' lang='lat' dir='ltr'>anno</span> <span class='ocrx_word' id='word_1_8' title='bbox 1171 685 1279 784; x_wconf 80' lang='lat' dir='ltr'>dabit.</span> <span class='ocrx_word' id='word_1_9' title='bbox 1305 685 1470 758; x_wconf 86' lang='lat' dir='ltr'>Cetcrum</span> <span class='ocrx_word' id='word_1_10' title='bbox 1485 687 1634 776; x_wconf 75' lang='lat' dir='ltr'>quilibet</span> <span class='ocrx_word' id='word_1_11' title='bbox 1649 686 1766 758; x_wconf 87' lang='lat' dir='ltr'>incolo</span> <span class='ocrx_word' id='word_1_12' title='bbox 1785 671 1839 756; x_wconf 75' lang='lat' dir='ltr'>ed¹</span> <span class='ocrx_word' id='word_1_13' title='bbox 1854 689 2013 756; x_wconf 78' lang='lat' dir='ltr'><strong>castrum</strong></span> 
     </span>
    </p>
   </div>
   <div class='ocr_carea' id='block_1_3' title="bbox 189 777 2013 884">
    <p class='ocr_par' dir='ltr' id='par_1_3' title="bbox 189 771 2013 884">
     <span class='ocr_line' id='line_1_3' title="bbox 189 777 2013 884; baseline -0.005 -13"><span class='ocrx_word' id='word_1_14' title='bbox 189 787 197 800; x_wconf 84' lang='grc'><strong>’</strong></span> <span class='ocrx_word' id='word_1_15' title='bbox 344 781 348 786; x_wconf 55' lang='grc'>’</span> <span class='ocrx_word' id='word_1_16' title='bbox 480 799 660 879; x_wconf 79' lang='lat' dir='ltr'>ltsdrense</span> <span class='ocrx_word' id='word_1_17' title='bbox 690 797 763 865; x_wconf 89' lang='lat' dir='ltr'>tres</span> <span class='ocrx_word' id='word_1_18' title='bbox 795 814 919 866; x_wconf 85' lang='lat' dir='ltr'>currus</span> <span class='ocrx_word' id='word_1_19' title='bbox 948 795 1126 884; x_wconf 85' lang='lat' dir='ltr'>lignorum</span> <span class='ocrx_word' id='word_1_20' title='bbox 1165 793 1340 865; x_wconf 80' lang='lat' dir='ltr'>adducere</span> <span class='ocrx_word' id='word_1_21' title='bbox 1376 797 1573 866; x_wconf 82' lang='lat' dir='ltr'>tencantur.</span> <span class='ocrx_word' id='word_1_22' title='bbox 1620 777 1694 865; x_wconf 84' lang='lat' dir='ltr'>Nos</span> <span class='ocrx_word' id='word_1_23' title='bbox 1730 795 1850 865; x_wconf 85' lang='lat' dir='ltr'>eutem</span> <span class='ocrx_word' id='word_1_24' title='bbox 1890 789 2013 864; x_wconf 84' lang='lat' dir='ltr'>audito</span> 
     </span>
    </p>
   </div>
   <div class='ocr_carea' id='block_1_4' title="bbox 477 901 2012 1102">
    <p class='ocr_par' dir='ltr' id='par_1_4' title="bbox 477 901 2012 1102">
     <span class='ocr_line' id='line_1_4' title="bbox 477 901 2012 998; baseline -0.007 -17"><span class='ocrx_word' id='word_1_25' title='bbox 477 913 536 985; x_wconf 82' lang='lat' dir='ltr'>loli</span> <span class='ocrx_word' id='word_1_26' title='bbox 558 903 816 998; x_wconf 88' lang='lat' dir='ltr'>protestociorre</span> <span class='ocrx_word' id='word_1_27' title='bbox 838 904 996 973; x_wconf 82' lang='lat' dir='ltr'>virorum</span> <span class='ocrx_word' id='word_1_28' title='bbox 1019 901 1237 992; x_wconf 85' lang='lat' dir='ltr'>ydoneorum</span> <span class='ocrx_word' id='word_1_29' title='bbox 1261 901 1420 998; x_wconf 83' lang='lat' dir='ltr'>prelatos</span> <span class='ocrx_word' id='word_1_30' title='bbox 1444 902 1611 972; x_wconf 86' lang='lat' dir='ltr'>scoltetos</span> <span class='ocrx_word' id='word_1_31' title='bbox 1636 905 1732 974; x_wconf 85' lang='lat' dir='ltr'>circo</span> <span class='ocrx_word' id='word_1_32' title='bbox 1767 905 1846 974; x_wconf 89' lang='lat' dir='ltr'>ium</span> <span class='ocrx_word' id='word_1_33' title='bbox 1876 903 1912 972; x_wconf 89' lang='lat' dir='ltr'>et</span> <span class='ocrx_word' id='word_1_34' title='bbox 1934 920 2012 992; x_wconf 84' lang='lat' dir='ltr'>pro·</span> 
     </span>
     <span class='ocr_line' id='line_1_5' title="bbox 478 1009 2012 1102; baseline -0.008 -12"><span class='ocrx_word' id='word_1_35' title='bbox 478 1020 603 1092; x_wconf 88' lang='lat' dir='ltr'>uentus</span> <span class='ocrx_word' id='word_1_36' title='bbox 626 1011 887 1101; x_wconf 79' lang='lat' dir='ltr'>suprascriptos</span> <span class='ocrx_word' id='word_1_37' title='bbox 912 1009 1196 1080; x_wconf 86' lang='lat' dir='ltr'>conseruandum</span> <span class='ocrx_word' id='word_1_38' title='bbox 1221 1009 1388 1081; x_wconf 85' lang='lat' dir='ltr'>duximus</span> <span class='ocrx_word' id='word_1_39' title='bbox 1420 1013 1456 1080; x_wconf 91' lang='lat' dir='ltr'>ct</span> <span class='ocrx_word' id='word_1_40' title='bbox 1479 1013 1600 1080; x_wconf 90' lang='lat' dir='ltr'>tenore</span> <span class='ocrx_word' id='word_1_41' title='bbox 1623 1012 1848 1102; x_wconf 86' lang='lat' dir='ltr'>presencium</span> <span class='ocrx_word' id='word_1_42' title='bbox 1874 1027 2012 1079; x_wconf 85' lang='lat' dir='ltr'>conscr-</span> 
     </span>
    </p>
   </div>
   <div class='ocr_carea' id='block_1_5' title="bbox 342 1117 2012 1210">
    <p class='ocr_par' dir='ltr' id='par_1_5' title="bbox 342 1117 2012 1210">
     <span class='ocr_line' id='line_1_6' title="bbox 342 1117 2012 1210; baseline -0.008 -10"><span class='ocrx_word' id='word_1_43' title='bbox 342 1139 346 1146; x_wconf 86' lang='lat'>&#39;</span> <span class='ocrx_word' id='word_1_44' title='bbox 478 1140 613 1200; x_wconf 82' lang='lat' dir='ltr'>uentus.</span> <span class='ocrx_word' id='word_1_45' title='bbox 659 1117 699 1187; x_wconf 88' lang='lat' dir='ltr'>ln</span> <span class='ocrx_word' id='word_1_46' title='bbox 723 1119 826 1188; x_wconf 88' lang='lat' dir='ltr'>cuius</span> <span class='ocrx_word' id='word_1_47' title='bbox 848 1119 900 1188; x_wconf 91' lang='lat' dir='ltr'>rci</span> <span class='ocrx_word' id='word_1_48' title='bbox 923 1119 1168 1188; x_wconf 87' lang='lat' dir='ltr'>testimonium</span> <span class='ocrx_word' id='word_1_49' title='bbox 1193 1118 1352 1206; x_wconf 82' lang='lat' dir='ltr'>sigillum</span> <span class='ocrx_word' id='word_1_50' title='bbox 1376 1123 1537 1188; x_wconf 89' lang='lat' dir='ltr'>nostrum</span> <span class='ocrx_word' id='word_1_51' title='bbox 1557 1118 1784 1210; x_wconf 77' lang='lat' dir='ltr'>presentibus</span> <span class='ocrx_word' id='word_1_52' title='bbox 1804 1121 1859 1188; x_wconf 91' lang='lat' dir='ltr'>est</span> <span class='ocrx_word' id='word_1_53' title='bbox 1883 1135 2012 1208; x_wconf 86' lang='lat' dir='ltr'>oppon·</span> 
     </span>
    </p>
   </div>
   <div class='ocr_carea' id='block_1_6' title="bbox 477 1223 2013 1747">
    <p class='ocr_par' dir='ltr' id='par_1_6' title="bbox 477 1223 2013 1747">
     <span class='ocr_line' id='line_1_7' title="bbox 477 1223 2013 1318; baseline -0.005 -16"><span class='ocrx_word' id='word_1_54' title='bbox 477 1251 563 1306; x_wconf 88' lang='lat' dir='ltr'>sum.</span> <span class='ocrx_word' id='word_1_55' title='bbox 607 1225 807 1296; x_wconf 75' lang='lat' dir='ltr'>detumet</span> <span class='ocrx_word' id='word_1_56' title='bbox 840 1224 963 1296; x_wconf 85' lang='lat' dir='ltr'>datum</span> <span class='ocrx_word' id='word_1_57' title='bbox 994 1227 1030 1296; x_wconf 91' lang='lat' dir='ltr'>tn</span> <span class='ocrx_word' id='word_1_58' title='bbox 1064 1227 1206 1312; x_wconf 77' lang='lat' dir='ltr'>Ppsdry</span> <span class='ocrx_word' id='word_1_59' title='bbox 1235 1225 1325 1297; x_wconf 83' lang='lat' dir='ltr'>ieris</span> <span class='ocrx_word' id='word_1_60' title='bbox 1355 1229 1480 1316; x_wconf 85' lang='lat' dir='ltr'>quinte</span> <span class='ocrx_word' id='word_1_61' title='bbox 1511 1231 1591 1318; x_wconf 92' lang='lat' dir='ltr'>post</span> <span class='ocrx_word' id='word_1_62' title='bbox 1621 1225 1845 1298; x_wconf 81' lang='lat' dir='ltr'>Conductum</span> <span class='ocrx_word' id='word_1_63' title='bbox 1875 1223 2013 1294; x_wconf 84' lang='lat' dir='ltr'>l‘asche</span> 
     </span>
     <span class='ocr_line' id='line_1_8' title="bbox 477 1331 2012 1423; baseline -0.008 -11"><span class='ocrx_word' id='word_1_64' title='bbox 477 1356 564 1413; x_wconf 85' lang='lat' dir='ltr'>enno</span> <span class='ocrx_word' id='word_1_65' title='bbox 594 1333 738 1405; x_wconf 83' lang='lat' dir='ltr'>Domini</span> <span class='ocrx_word' id='word_1_66' title='bbox 771 1331 960 1404; x_wconf 91' lang='lat' dir='ltr'>millesimo</span> <span class='ocrx_word' id='word_1_67' title='bbox 985 1331 1336 1422; x_wconf 79' lang='lat' dir='ltr'>quadringentesimo</span> <span class='ocrx_word' id='word_1_68' title='bbox 1380 1337 1516 1423; x_wconf 83' lang='lat' dir='ltr'>quarto.</span> <span class='ocrx_word' id='word_1_69' title='bbox 1563 1333 1792 1404; x_wconf 80' lang='lat' dir='ltr'>Pmsentibus</span> <span class='ocrx_word' id='word_1_70' title='bbox 1834 1331 2012 1404; x_wconf 86' lang='lat' dir='ltr'>nobilibus</span> 
     </span>
     <span class='ocr_line' id='line_1_9' title="bbox 480 1439 2012 1534; baseline -0.004 -17"><span class='ocrx_word' id='word_1_71' title='bbox 480 1447 576 1516; x_wconf 77' lang='lat' dir='ltr'>siris:</span> <span class='ocrx_word' id='word_1_72' title='bbox 614 1439 760 1512; x_wconf 84' lang='lat' dir='ltr'>Nicolao</span> <span class='ocrx_word' id='word_1_73' title='bbox 797 1439 842 1510; x_wconf 91' lang='lat' dir='ltr'>de</span> <span class='ocrx_word' id='word_1_74' title='bbox 880 1442 1094 1512; x_wconf 78' lang='lat' dir='ltr'>Gorosdowo</span> <span class='ocrx_word' id='word_1_75' title='bbox 1132 1443 1312 1532; x_wconf 80' lang='lat' dir='ltr'>pincerna,</span> <span class='ocrx_word' id='word_1_76' title='bbox 1359 1441 1516 1512; x_wconf 81' lang='lat' dir='ltr'>Iohanne</span> <span class='ocrx_word' id='word_1_77' title='bbox 1547 1447 1649 1534; x_wconf 86' lang='lat' dir='ltr'>petre</span> <span class='ocrx_word' id='word_1_78' title='bbox 1682 1460 1747 1511; x_wconf 90' lang='lat' dir='ltr'>suo</span> <span class='ocrx_word' id='word_1_79' title='bbox 1787 1440 1831 1512; x_wconf 90' lang='lat' dir='ltr'>de</span> <span class='ocrx_word' id='word_1_80' title='bbox 1868 1439 2012 1522; x_wconf 85' lang='lat' dir='ltr'>ibidem,</span> 
     </span>
     <span class='ocr_line' id='line_1_10' title="bbox 477 1545 2012 1638; baseline -0.004 -15"><span class='ocrx_word' id='word_1_81' title='bbox 477 1547 680 1624; x_wconf 73' lang='lat' dir='ltr'>wenceslao</span> <span class='ocrx_word' id='word_1_82' title='bbox 704 1545 749 1616; x_wconf 92' lang='lat' dir='ltr'>de</span> <span class='ocrx_word' id='word_1_83' title='bbox 773 1549 981 1630; x_wconf 75' lang='lat' dir='ltr'>llrroorowo,</span> <span class='ocrx_word' id='word_1_84' title='bbox 1006 1548 1157 1618; x_wconf 85' lang='lat' dir='ltr'>llortino</span> <span class='ocrx_word' id='word_1_85' title='bbox 1181 1549 1315 1618; x_wconf 83' lang='lat' dir='ltr'>ltosust</span> <span class='ocrx_word' id='word_1_86' title='bbox 1337 1547 1381 1619; x_wconf 91' lang='lat' dir='ltr'>dc</span> <span class='ocrx_word' id='word_1_87' title='bbox 1404 1551 1630 1632; x_wconf 80' lang='lat' dir='ltr'>Iamottowo,</span> <span class='ocrx_word' id='word_1_88' title='bbox 1655 1547 1801 1619; x_wconf 87' lang='lat' dir='ltr'>Nicoleo</span> <span class='ocrx_word' id='word_1_89' title='bbox 1826 1548 1870 1620; x_wconf 91' lang='lat' dir='ltr'>de</span> <span class='ocrx_word' id='word_1_90' title='bbox 1893 1550 2012 1638; x_wconf 76' lang='lat' dir='ltr'>Seprro</span> 
     </span>
     <span class='ocr_line' id='line_1_11' title="bbox 477 1653 1604 1747; baseline -0.006 -14"><span class='ocrx_word' id='word_1_91' title='bbox 477 1667 511 1733; x_wconf 90' lang='lat' dir='ltr'>et</span> <span class='ocrx_word' id='word_1_92' title='bbox 532 1654 713 1728; x_wconf 85' lang='lat' dir='ltr'>Precesleo</span> <span class='ocrx_word' id='word_1_93' title='bbox 737 1653 781 1724; x_wconf 87' lang='lat' dir='ltr'>de</span> <span class='ocrx_word' id='word_1_94' title='bbox 804 1655 1061 1726; x_wconf 80' lang='lat' dir='ltr'>Netlrcnelcowo</span> <span class='ocrx_word' id='word_1_95' title='bbox 1086 1654 1276 1726; x_wconf 86' lang='lat' dir='ltr'>heredibus</span> <span class='ocrx_word' id='word_1_96' title='bbox 1300 1675 1342 1726; x_wconf 86' lang='lat' dir='ltr'>ec</span> <span class='ocrx_word' id='word_1_97' title='bbox 1366 1657 1447 1747; x_wconf 87' lang='lat' dir='ltr'>elijs</span> <span class='ocrx_word' id='word_1_98' title='bbox 1472 1657 1604 1728; x_wconf 92' lang='lat' dir='ltr'>multis.</span> 
     </span>
    </p>
   </div>
   <div class='ocr_carea' id='block_1_7' title="bbox 379 1866 1460 1944">
    <p class='ocr_par' dir='ltr' id='par_1_7' title="bbox 379 1866 1460 1944">
     <span class='ocr_line' id='line_1_12' title="bbox 379 1866 1460 1944; baseline 0.004 -19"><span class='ocrx_word' id='word_1_99' title='bbox 379 1885 382 1892; x_wconf 77' lang='grc'><strong>’</strong></span> <span class='ocrx_word' id='word_1_100' title='bbox 532 1889 535 1896; x_wconf 64' lang='grc'><em>’</em></span> <span class='ocrx_word' id='word_1_101' title='bbox 630 1866 857 1942; x_wconf 75' lang='lat' dir='ltr'>Zkoloriekiego</span> <span class='ocrx_word' id='word_1_102' title='bbox 875 1869 1006 1944; x_wconf 80' lang='lat' dir='ltr'>kopierze</span> <span class='ocrx_word' id='word_1_103' title='bbox 1023 1869 1176 1944; x_wconf 78' lang='lat' dir='ltr'>przyrrileji</span> <span class='ocrx_word' id='word_1_104' title='bbox 1196 1868 1326 1940; x_wconf 78' lang='lat' dir='ltr'>lndzkich</span> <span class='ocrx_word' id='word_1_105' title='bbox 1344 1871 1396 1930; x_wconf 85' lang='lat' dir='ltr'>tol.</span> <span class='ocrx_word' id='word_1_106' title='bbox 1415 1871 1460 1929; x_wconf 81' lang='lat'>32.</span> 
     </span>
    </p>
   </div>
   <div class='ocr_carea' id='block_1_8' title="bbox 447 2065 2013 2407">
    <p class='ocr_par' dir='ltr' id='par_1_8' title="bbox 447 2065 2013 2407">
     <span class='ocr_line' id='line_1_13' title="bbox 633 2065 2013 2142; baseline 0.002 -21"><span class='ocrx_word' id='word_1_107' title='bbox 633 2067 653 2139; x_wconf 88' lang='lat'>¹)</span> <span class='ocrx_word' id='word_1_108' title='bbox 678 2065 834 2140; x_wconf 75' lang='lat' dir='ltr'>Wroncxyn</span> <span class='ocrx_word' id='word_1_109' title='bbox 861 2067 927 2124; x_wconf 75' lang='lat' dir='ltr'>uici</span> <span class='ocrx_word' id='word_1_110' title='bbox 956 2084 981 2123; x_wconf 81' lang='lat' dir='ltr'>rr</span> <span class='ocrx_word' id='word_1_111' title='bbox 1007 2083 1079 2142; x_wconf 75' lang='lat' dir='ltr'>porr.</span> <span class='ocrx_word' id='word_1_112' title='bbox 1108 2065 1294 2142; x_wconf 74' lang='lat' dir='ltr'>pomedekirn</span> <span class='ocrx_word' id='word_1_113' title='bbox 1321 2085 1359 2124; x_wconf 81' lang='lat' dir='ltr'>ne</span> <span class='ocrx_word' id='word_1_114' title='bbox 1386 2067 1522 2142; x_wconf 87' lang='lat' dir='ltr'>poludnie</span> <span class='ocrx_word' id='word_1_115' title='bbox 1548 2067 1586 2126; x_wconf 89' lang='lat' dir='ltr'>od</span> <span class='ocrx_word' id='word_1_116' title='bbox 1606 2069 1740 2138; x_wconf 67' lang='lat' dir='ltr'>&amp;macc</span> <span class='ocrx_word' id='word_1_117' title='bbox 1758 2067 1903 2142; x_wconf 71' lang='lat' dir='ltr'>polutum.</span> <span class='ocrx_word' id='word_1_118' title='bbox 1938 2066 2013 2126; x_wconf 76' lang='lat' dir='ltr'>letti</span> 
     </span>
     <span class='ocr_line' id='line_1_14' title="bbox 447 2156 2011 2232; baseline 0 -18"><span class='ocrx_word' id='word_1_119' title='bbox 447 2205 452 2214; x_wconf 94' lang='lat'>.</span> <span class='ocrx_word' id='word_1_120' title='bbox 475 2157 574 2232; x_wconf 74' lang='lat' dir='ltr'>jednek</span> <span class='ocrx_word' id='word_1_121' title='bbox 591 2173 671 2230; x_wconf 74' lang='lat' dir='ltr'>prm</span> <span class='ocrx_word' id='word_1_122' title='bbox 689 2173 783 2226; x_wconf 71' lang='lat' dir='ltr'>nune</span> <span class='ocrx_word' id='word_1_123' title='bbox 803 2157 914 2224; x_wconf 78' lang='lat' dir='ltr'>„blinor</span> <span class='ocrx_word' id='word_1_124' title='bbox 938 2156 1122 2214; x_wconf 70' lang='lat' dir='ltr'>Wrmmom‘</span> <span class='ocrx_word' id='word_1_125' title='bbox 1142 2156 1282 2214; x_wconf 78' lang='lat' dir='ltr'>rozunried</span> <span class='ocrx_word' id='word_1_126' title='bbox 1300 2159 1400 2230; x_wconf 72' lang='lat' dir='ltr'>nelely</span> <span class='ocrx_word' id='word_1_127' title='bbox 1425 2157 1598 2230; x_wconf 73' lang='lat' dir='ltr'>Wronezyno</span> <span class='ocrx_word' id='word_1_128' title='bbox 1616 2159 1692 2216; x_wconf 72' lang='lat' dir='ltr'>oncle</span> <span class='ocrx_word' id='word_1_129' title='bbox 1719 2158 1791 2230; x_wconf 78' lang='lat' dir='ltr'>czyli</span> <span class='ocrx_word' id='word_1_130' title='bbox 1816 2156 2011 2230; x_wconf 68' lang='lat' dir='ltr'>Wroncsynek,</span> 
     </span>
     <span class='ocr_line' id='line_1_15' title="bbox 475 2243 2012 2321; baseline 0 -15"><span class='ocrx_word' id='word_1_131' title='bbox 475 2258 504 2306; x_wconf 84' lang='lat' dir='ltr'>to</span> <span class='ocrx_word' id='word_1_132' title='bbox 521 2246 585 2304; x_wconf 71' lang='lat' dir='ltr'>eka</span> <span class='ocrx_word' id='word_1_133' title='bbox 602 2243 668 2302; x_wconf 67' lang='lat' dir='ltr'>viel</span> <span class='ocrx_word' id='word_1_134' title='bbox 685 2261 725 2301; x_wconf 73' lang='lat' dir='ltr'>ne</span> <span class='ocrx_word' id='word_1_135' title='bbox 741 2244 894 2303; x_wconf 75' lang='lat' dir='ltr'>obseurech</span> <span class='ocrx_word' id='word_1_136' title='bbox 912 2244 1019 2320; x_wconf 71' lang='lat' dir='ltr'>danne]</span> <span class='ocrx_word' id='word_1_137' title='bbox 1041 2246 1171 2320; x_wconf 83' lang='lat' dir='ltr'>Wiellriej</span> <span class='ocrx_word' id='word_1_138' title='bbox 1201 2247 1299 2307; x_wconf 70' lang='lat' dir='ltr'>Polsl&#39;i</span> <span class='ocrx_word' id='word_1_139' title='bbox 1326 2245 1387 2306; x_wconf 69' lang='lat' dir='ltr'>deis</span> <span class='ocrx_word' id='word_1_140' title='bbox 1406 2249 1453 2306; x_wconf 89' lang='lat' dir='ltr'>uie</span> <span class='ocrx_word' id='word_1_141' title='bbox 1471 2248 1591 2321; x_wconf 84' lang='lat' dir='ltr'>istnieje.</span> <span class='ocrx_word' id='word_1_142' title='bbox 1628 2247 1933 2306; x_wconf 71' lang='lat' dir='ltr'>Niedaorirzrbrmict</span> <span class='ocrx_word' id='word_1_143' title='bbox 1951 2247 2012 2306; x_wconf 71' lang='lat' dir='ltr'>deu</span> 
     </span>
     <span class='ocr_line' id='line_1_16' title="bbox 475 2335 1103 2407; baseline -0.006 -11"><span class='ocrx_word' id='word_1_144' title='bbox 475 2339 519 2397; x_wconf 82' lang='lat' dir='ltr'>nie</span> <span class='ocrx_word' id='word_1_145' title='bbox 535 2335 652 2407; x_wconf 80' lang='lat' dir='ltr'>istnieje.</span> <span class='ocrx_word' id='word_1_146' title='bbox 1100 2347 1103 2353; x_wconf 80' lang='grc'><em>’</em></span> 
     </span>
    </p>
   </div>
   <div class='ocr_carea' id='block_1_9' title="bbox 474 2747 1445 2864">
    <p class='ocr_par' dir='ltr' id='par_1_9' title="bbox 474 2747 1445 2864">
     <span class='ocr_line' id='line_1_17' title="bbox 474 2747 1445 2864; baseline 0 -40"><span class='ocrx_word' id='word_1_147' title='bbox 474 2755 527 2824; x_wconf 86' lang='lat' dir='ltr'>bl.</span> <span class='ocrx_word' id='word_1_148' title='bbox 572 2751 669 2822; x_wconf 81' lang='lat'>1404.</span> <span class='ocrx_word' id='word_1_149' title='bbox 693 2747 752 2822; x_wconf 90' lang='lat' dir='ltr'>die</span> <span class='ocrx_word' id='word_1_150' title='bbox 775 2755 830 2821; x_wconf 81' lang='lat'>17.</span> <span class='ocrx_word' id='word_1_151' title='bbox 854 2753 988 2824; x_wconf 82' lang='lat' dir='ltr'>mensis</span> <span class='ocrx_word' id='word_1_152' title='bbox 1011 2753 1156 2845; x_wconf 84' lang='lat' dir='ltr'>Aprilis,</span> <span class='ocrx_word' id='word_1_153' title='bbox 1180 2751 1445 2864; x_wconf 79' lang='lat' dir='ltr'>Wledieleviee.</span> 
     </span>
    </p>
   </div>
   <div class='ocr_carea' id='block_1_10' title="bbox 474 2915 2064 3253">
    <p class='ocr_par' dir='ltr' id='par_1_10' title="bbox 474 2915 2064 3253">
     <span class='ocr_line' id='line_1_18' title="bbox 631 2915 2012 3058; baseline 0.003 -22"><span class='ocrx_word' id='word_1_154' title='bbox 631 2963 850 3038; x_wconf 77' lang='lat' dir='ltr'>Wledideus</span> <span class='ocrx_word' id='word_1_155' title='bbox 888 2967 927 3038; x_wconf 92' lang='lat' dir='ltr'>ll.</span> <span class='ocrx_word' id='word_1_156' title='bbox 966 2987 1029 3038; x_wconf 85' lang='lat' dir='ltr'>rex</span> <span class='ocrx_word' id='word_1_157' title='bbox 1064 2966 1231 3040; x_wconf 86' lang='lat' dir='ltr'>Poloniec</span> <span class='ocrx_word' id='word_1_158' title='bbox 1272 2915 1435 3054; x_wconf 87' lang='lat' dir='ltr'>testetur,</span> <span class='ocrx_word' id='word_1_159' title='bbox 1477 2937 1736 3058; x_wconf 76' lang='lat' dir='ltr'>Sandirogium</span> <span class='ocrx_word' id='word_1_160' title='bbox 1775 2967 1820 3040; x_wconf 88' lang='lat' dir='ltr'>de</span> <span class='ocrx_word' id='word_1_161' title='bbox 1853 2970 2012 3042; x_wconf 69' lang='lat' dir='ltr'>Scotino</span> 
     </span>
     <span class='ocr_line' id='line_1_19' title="bbox 474 3053 2064 3253; baseline 0.004 -127"><span class='ocrx_word' id='word_1_162' title='bbox 474 3053 797 3253; x_wconf 33' lang='lat' dir='ltr'>sugamia?</span> <span class='ocrx_word' id='word_1_163' title='bbox 822 3059 980 3150; x_wconf 82' lang='lat' dir='ltr'>episcopi</span> <span class='ocrx_word' id='word_1_164' title='bbox 1003 3056 1314 3130; x_wconf 84' lang='lat' dir='ltr'>Wledisleviensis</span> <span class='ocrx_word' id='word_1_165' title='bbox 1342 3061 1534 3152; x_wconf 80' lang='lat' dir='ltr'>proprium,</span> <span class='ocrx_word' id='word_1_166' title='bbox 1570 3063 1714 3132; x_wconf 85' lang='lat' dir='ltr'>tentum</span> <span class='ocrx_word' id='word_1_167' title='bbox 1737 3057 1784 3222; x_wconf 84' lang='lat' dir='ltr'>ad</span> <span class='ocrx_word' id='word_1_168' title='bbox 1805 3061 1902 3131; x_wconf 81' lang='lat' dir='ltr'>vitre</span> <span class='ocrx_word' id='word_1_169' title='bbox 1925 3064 2013 3132; x_wconf 89' lang='lat' dir='ltr'>tem·</span> <span class='ocrx_word' id='word_1_170' title='bbox 2060 3212 2064 3217; x_wconf 62' lang='lat'>,</span> 
     </span>
    </p>
   </div>
   <div class='ocr_carea' id='block_1_11' title="bbox 434 3375 2020 4232">
    <p class='ocr_par' dir='ltr' id='par_1_11' title="bbox 434 3375 2013 3478">
     <span class='ocr_line' id='line_1_20' title="bbox 434 3375 2013 3478; baseline 0.004 -29"><span class='ocrx_word' id='word_1_171' title='bbox 434 3469 437 3476; x_wconf 28' lang='grc' dir='ltr'>Ι</span> <span class='ocrx_word' id='word_1_172' title='bbox 628 3377 849 3452; x_wconf 86' lang='lat' dir='ltr'>Wledlsleus</span> <span class='ocrx_word' id='word_1_173' title='bbox 872 3379 940 3453; x_wconf 87' lang='lat' dir='ltr'>Del</span> <span class='ocrx_word' id='word_1_174' title='bbox 969 3385 1090 3472; x_wconf 80' lang='lat' dir='ltr'>grecie</span> <span class='ocrx_word' id='word_1_175' title='bbox 1121 3385 1183 3454; x_wconf 77' lang='lat' dir='ltr'>re‘x</span> <span class='ocrx_word' id='word_1_176' title='bbox 1212 3382 1366 3468; x_wconf 91' lang='lat' dir='ltr'>Polonie,</span> <span class='ocrx_word' id='word_1_177' title='bbox 1396 3383 1666 3477; x_wconf 82' lang='lat' dir='ltr'>thhwenieque</span> <span class='ocrx_word' id='word_1_178' title='bbox 1694 3387 1860 3478; x_wconf 84' lang='lat' dir='ltr'>princeps</span> <span class='ocrx_word' id='word_1_179' title='bbox 1888 3375 2013 3477; x_wconf 67' lang='lat' dir='ltr'>‘supre-</span> 
     </span>
    </p>

    <p class='ocr_par' dir='ltr' id='par_1_12' title="bbox 472 3485 2020 4232">
     <span class='ocr_line' id='line_1_21' title="bbox 476 3485 2011 3585; baseline 0.005 -30"><span class='ocrx_word' id='word_1_180' title='bbox 476 3503 554 3556; x_wconf 89' lang='lat' dir='ltr'>mus</span> <span class='ocrx_word' id='word_1_181' title='bbox 576 3489 612 3556; x_wconf 89' lang='lat' dir='ltr'>et</span> <span class='ocrx_word' id='word_1_182' title='bbox 634 3485 738 3558; x_wconf 91' lang='lat' dir='ltr'>heres</span> <span class='ocrx_word' id='word_1_183' title='bbox 761 3487 890 3559; x_wconf 86' lang='lat' dir='ltr'>Russie</span> <span class='ocrx_word' id='word_1_184' title='bbox 913 3494 980 3560; x_wconf 87' lang='lat' dir='ltr'>etc.</span> <span class='ocrx_word' id='word_1_185' title='bbox 1005 3489 1259 3580; x_wconf 78' lang='lat' dir='ltr'>significemus</span> <span class='ocrx_word' id='word_1_186' title='bbox 1282 3495 1404 3564; x_wconf 88' lang='lat' dir='ltr'>terrore</span> <span class='ocrx_word' id='word_1_187' title='bbox 1426 3496 1653 3585; x_wconf 90' lang='lat' dir='ltr'>presencium</span> <span class='ocrx_word' id='word_1_188' title='bbox 1668 3495 1857 3577; x_wconf 86' lang='lat' dir='ltr'>vniuersis,</span> <span class='ocrx_word' id='word_1_189' title='bbox 1881 3492 2011 3582; x_wconf 90' lang='lat' dir='ltr'>quibus</span> 
     </span>
     <span class='ocr_line' id='line_1_22' title="bbox 474 3591 2010 3699; baseline 0.007 -38"><span class='ocrx_word' id='word_1_190' title='bbox 474 3591 619 3684; x_wconf 84' lang='lat' dir='ltr'>expedit,</span> <span class='ocrx_word' id='word_1_191' title='bbox 653 3597 730 3666; x_wconf 86' lang='lat' dir='ltr'>tam</span> <span class='ocrx_word' id='word_1_192' title='bbox 761 3596 998 3688; x_wconf 78' lang='lat' dir='ltr'>presentibus,</span> <span class='ocrx_word' id='word_1_193' title='bbox 1032 3617 1141 3689; x_wconf 85' lang='lat' dir='ltr'>quem</span> <span class='ocrx_word' id='word_1_194' title='bbox 1169 3597 1311 3685; x_wconf 84' lang='lat' dir='ltr'>futuris,</span> <span class='ocrx_word' id='word_1_195' title='bbox 1346 3599 1392 3699; x_wconf 84' lang='lat' dir='ltr'>ed</span> <span class='ocrx_word' id='word_1_196' title='bbox 1425 3603 1478 3672; x_wconf 86' lang='lat' dir='ltr'>rei</span> <span class='ocrx_word' id='word_1_197' title='bbox 1510 3602 1719 3672; x_wconf 84' lang='lat' dir='ltr'>memoriam</span> <span class='ocrx_word' id='word_1_198' title='bbox 1744 3603 2010 3694; x_wconf 85' lang='lat' dir='ltr'>sempiternum,</span> 
     </span>
     <span class='ocr_line' id='line_1_23' title="bbox 477 3699 2011 3796; baseline 0.007 -26"><span class='ocrx_word' id='word_1_199' title='bbox 477 3699 647 3787; x_wconf 89' lang='lat' dir='ltr'>quomodo</span> <span class='ocrx_word' id='word_1_200' title='bbox 677 3701 831 3774; x_wconf 86' lang='lat' dir='ltr'>Methies</span> <span class='ocrx_word' id='word_1_201' title='bbox 849 3703 907 3776; x_wconf 79' lang='lat' dir='ltr'>&#39;de</span> <span class='ocrx_word' id='word_1_202' title='bbox 938 3705 1148 3778; x_wconf 82' lang='lat' dir='ltr'>Waneosclre</span> <span class='ocrx_word' id='word_1_203' title='bbox 1177 3706 1284 3779; x_wconf 84' lang='lat' dir='ltr'>iudex</span> <span class='ocrx_word' id='word_1_204' title='bbox 1314 3706 1531 3792; x_wconf 82' lang='lat' dir='ltr'>Celisiensis,</span> <span class='ocrx_word' id='word_1_205' title='bbox 1562 3711 1683 3796; x_wconf 83' lang='lat' dir='ltr'>noster</span> <span class='ocrx_word' id='word_1_206' title='bbox 1704 3708 1825 3780; x_wconf 84' lang='lat' dir='ltr'>fidelis</span> <span class='ocrx_word' id='word_1_207' title='bbox 1849 3707 2011 3796; x_wconf 87' lang='lat' dir='ltr'>dilectus,</span> 
     </span>
     <span class='ocr_line' id='line_1_24' title="bbox 474 3812 2020 3909; baseline 0.009 -35"><span class='ocrx_word' id='word_1_208' title='bbox 474 3823 589 3878; x_wconf 85' lang='lat' dir='ltr'>eorem</span> <span class='ocrx_word' id='word_1_209' title='bbox 610 3813 734 3881; x_wconf 84' lang='lat' dir='ltr'>nostre</span> <span class='ocrx_word' id='word_1_210' title='bbox 755 3812 990 3903; x_wconf 83' lang='lat' dir='ltr'>personaliter</span> <span class='ocrx_word' id='word_1_211' title='bbox 1014 3818 1235 3886; x_wconf 90' lang='lat' dir='ltr'>constitutus.</span> <span class='ocrx_word' id='word_1_212' title='bbox 1254 3818 1451 3908; x_wconf 85' lang='lat' dir='ltr'>presencie,</span> <span class='ocrx_word' id='word_1_213' title='bbox 1475 3813 1612 3887; x_wconf 86' lang='lat' dir='ltr'>hebens</span> <span class='ocrx_word' id='word_1_214' title='bbox 1635 3821 1850 3908; x_wconf 84' lang='lat' dir='ltr'>potestatem</span> <span class='ocrx_word' id='word_1_215' title='bbox 1875 3821 1911 3888; x_wconf 89' lang='lat' dir='ltr'>et</span> <span class='ocrx_word' id='word_1_216' title='bbox 1934 3814 2020 3909; x_wconf 82' lang='lat' dir='ltr'>s&#39;pe-</span> 
     </span>
     <span class='ocr_line' id='line_1_25' title="bbox 475 3912 2011 4010; baseline 0.01 -30"><span class='ocrx_word' id='word_1_217' title='bbox 475 3912 561 3984; x_wconf 83' lang='lat' dir='ltr'>ciele</span> <span class='ocrx_word' id='word_1_218' title='bbox 590 3916 811 4002; x_wconf 79' lang='lat' dir='ltr'>mandatum,</span> <span class='ocrx_word' id='word_1_219' title='bbox 847 3925 953 4010; x_wconf 89' lang='lat' dir='ltr'>prout</span> <span class='ocrx_word' id='word_1_220' title='bbox 986 3941 1107 3993; x_wconf 86' lang='lat' dir='ltr'>coram</span> <span class='ocrx_word' id='word_1_221' title='bbox 1136 3922 1239 3994; x_wconf 91' lang='lat' dir='ltr'>nobis</span> <span class='ocrx_word' id='word_1_222' title='bbox 1277 3921 1502 3995; x_wconf 72' lang='lat' dir='ltr'>sufficienter</span> <span class='ocrx_word' id='word_1_223' title='bbox 1534 3922 1686 4008; x_wconf 83' lang='lat' dir='ltr'>edocuit,</span> <span class='ocrx_word' id='word_1_224' title='bbox 1721 3927 1865 3996; x_wconf 88' lang='lat' dir='ltr'>nominc</span> <span class='ocrx_word' id='word_1_225' title='bbox 1899 3922 2011 3996; x_wconf 85' lang='lat' dir='ltr'>velidi</span> 
     </span>
     <span class='ocr_line' id='line_1_26' title="bbox 475 4015 2010 4122; baseline 0.009 -32"><span class='ocrx_word' id='word_1_226' title='bbox 475 4015 694 4116; x_wconf 80' lang='lat' dir='ltr'>Sendrivogij</span> <span class='ocrx_word' id='word_1_227' title='bbox 721 4023 765 4096; x_wconf 92' lang='lat' dir='ltr'>de</span> <span class='ocrx_word' id='word_1_228' title='bbox 786 4026 969 4099; x_wconf 75' lang='lat' dir='ltr'>serotino</span> <span class='ocrx_word' id='word_1_229' title='bbox 998 4029 1148 4122; x_wconf 88' lang='lat' dir='ltr'>paletini</span> <span class='ocrx_word' id='word_1_230' title='bbox 1179 4029 1414 4116; x_wconf 74' lang='lat' dir='ltr'>CellssiensiS,</span> <span class='ocrx_word' id='word_1_231' title='bbox 1446 4032 1570 4103; x_wconf 89' lang='lat' dir='ltr'>militis</span> <span class='ocrx_word' id='word_1_232' title='bbox 1591 4033 1707 4103; x_wconf 88' lang='lat' dir='ltr'>nostri</span> <span class='ocrx_word' id='word_1_233' title='bbox 1735 4029 1855 4104; x_wconf 82' lang='lat' dir='ltr'>tidelis</span> <span class='ocrx_word' id='word_1_234' title='bbox 1879 4031 2010 4118; x_wconf 91' lang='lat' dir='ltr'>dilecti,</span> 
     </span>
     <span class='ocr_line' id='line_1_27' title="bbox 472 4127 2009 4232; baseline 0.01 -36"><span class='ocrx_word' id='word_1_235' title='bbox 472 4143 539 4197; x_wconf 89' lang='lat' dir='ltr'>uon</span> <span class='ocrx_word' id='word_1_236' title='bbox 562 4135 717 4217; x_wconf 80' lang='lat' dir='ltr'>coactus,</span> <span class='ocrx_word' id='word_1_237' title='bbox 740 4153 808 4205; x_wconf 89' lang='lat' dir='ltr'>nec</span> <span class='ocrx_word' id='word_1_238' title='bbox 832 4135 1048 4227; x_wconf 91' lang='lat' dir='ltr'>compulsus,</span> <span class='ocrx_word' id='word_1_239' title='bbox 1081 4156 1197 4228; x_wconf 88' lang='lat' dir='ltr'>neque</span> <span class='ocrx_word' id='word_1_240' title='bbox 1220 4137 1338 4229; x_wconf 83' lang='lat' dir='ltr'>ulique</span> <span class='ocrx_word' id='word_1_241' title='bbox 1363 4159 1480 4212; x_wconf 89' lang='lat' dir='ltr'>errore</span> <span class='ocrx_word' id='word_1_242' title='bbox 1503 4138 1685 4226; x_wconf 89' lang='lat' dir='ltr'>seductus,</span> <span class='ocrx_word' id='word_1_243' title='bbox 1710 4127 1774 4212; x_wconf 88' lang='lat' dir='ltr'>sed</span> <span class='ocrx_word' id='word_1_244' title='bbox 1796 4140 1901 4232; x_wconf 89' lang='lat' dir='ltr'>plene</span> <span class='ocrx_word' id='word_1_245' title='bbox 1924 4137 2009 4212; x_wconf 89' lang='lat' dir='ltr'>deli·</span> 
     </span>
    </p>
   </div>
   <div class='ocr_carea' id='block_1_12' title="bbox 334 4228 2008 4342">
    <p class='ocr_par' dir='ltr' id='par_1_13' title="bbox 334 4228 2008 4342">
     <span class='ocr_line' id='line_1_28' title="bbox 334 4228 2008 4342; baseline 0.011 -39"><span class='ocrx_word' id='word_1_246' title='bbox 334 4249 336 4254; x_wconf 76' lang='grc'><em>’</em></span> <span class='ocrx_word' id='word_1_247' title='bbox 472 4228 587 4308; x_wconf 88' lang='lat' dir='ltr'>bereto</span> <span class='ocrx_word' id='word_1_248' title='bbox 618 4241 748 4326; x_wconf 80' lang='lat' dir='ltr'>animo,</span> <span class='ocrx_word' id='word_1_249' title='bbox 780 4262 945 4314; x_wconf 78' lang='lat' dir='ltr'>asserens</span> <span class='ocrx_word' id='word_1_250' title='bbox 974 4247 1263 4336; x_wconf 82' lang='lat' dir='ltr'>prenominatum</span> <span class='ocrx_word' id='word_1_251' title='bbox 1294 4246 1574 4342; x_wconf 81' lang='lat' dir='ltr'>Sendziuogium</span> <span class='ocrx_word' id='word_1_252' title='bbox 1602 4247 1814 4340; x_wconf 82' lang='lat' dir='ltr'>palatinum,</span> <span class='ocrx_word' id='word_1_253' title='bbox 1837 4252 2008 4341; x_wconf 78' lang='lat' dir='ltr'>patruum</span> 
     </span>
    </p>
   </div>
   <div class='ocr_carea' id='block_1_13' title="bbox 471 4349 2007 4775">
    <p class='ocr_par' dir='ltr' id='par_1_14' title="bbox 471 4349 2007 4775">
     <span class='ocr_line' id='line_1_29' title="bbox 472 4349 2007 4447; baseline 0.011 -35"><span class='ocrx_word' id='word_1_254' title='bbox 472 4357 583 4430; x_wconf 75' lang='lat' dir='ltr'>suum,</span> <span class='ocrx_word' id='word_1_255' title='bbox 613 4365 657 4418; x_wconf 84' lang='lat' dir='ltr'>ex</span> <span class='ocrx_word' id='word_1_256' title='bbox 677 4349 836 4440; x_wconf 84' lang='lat' dir='ltr'>quedem</span> <span class='ocrx_word' id='word_1_257' title='bbox 859 4349 1070 4423; x_wconf 80' lang='lat' dir='ltr'>insumitete</span> <span class='ocrx_word' id='word_1_258' title='bbox 1094 4352 1182 4424; x_wconf 86' lang='lat' dir='ltr'>odeo</span> <span class='ocrx_word' id='word_1_259' title='bbox 1211 4373 1292 4426; x_wconf 90' lang='lat' dir='ltr'>esse</span> <span class='ocrx_word' id='word_1_260' title='bbox 1308 4353 1469 4432; x_wconf 79' lang='lat' dir='ltr'>,debilem</span> <span class='ocrx_word' id='word_1_261' title='bbox 1492 4359 1529 4426; x_wconf 91' lang='lat' dir='ltr'>et</span> <span class='ocrx_word' id='word_1_262' title='bbox 1551 4356 1589 4426; x_wconf 90' lang='lat' dir='ltr'>in</span> <span class='ocrx_word' id='word_1_263' title='bbox 1613 4359 1758 4445; x_wconf 77' lang='lat' dir='ltr'>organis</span> <span class='ocrx_word' id='word_1_264' title='bbox 1780 4357 1919 4447; x_wconf 87' lang='lat' dir='ltr'>loquele</span> <span class='ocrx_word' id='word_1_265' title='bbox 1942 4359 2007 4429; x_wconf 88' lang='lat' dir='ltr'>im·</span> 
     </span>
     <span class='ocr_line' id='line_1_30' title="bbox 471 4447 2007 4559; baseline 0.01 -37"><span class='ocrx_word' id='word_1_266' title='bbox 471 4447 634 4538; x_wconf 79' lang='lat' dir='ltr'>peditum,</span> <span class='ocrx_word' id='word_1_267' title='bbox 662 4461 769 4546; x_wconf 92' lang='lat' dir='ltr'>prout</span> <span class='ocrx_word' id='word_1_268' title='bbox 797 4457 836 4529; x_wconf 93' lang='lat' dir='ltr'>id</span> <span class='ocrx_word' id='word_1_269' title='bbox 858 4461 977 4550; x_wconf 87' lang='lat' dir='ltr'>ipsum</span> <span class='ocrx_word' id='word_1_270' title='bbox 1009 4459 1112 4531; x_wconf 87' lang='lat' dir='ltr'>nobis</span> <span class='ocrx_word' id='word_1_271' title='bbox 1143 4463 1260 4534; x_wconf 85' lang='lat' dir='ltr'>extitit</span> <span class='ocrx_word' id='word_1_272' title='bbox 1281 4465 1472 4548; x_wconf 89' lang='lat' dir='ltr'>notorium,</span> <span class='ocrx_word' id='word_1_273' title='bbox 1503 4461 1598 4554; x_wconf 89' lang='lat' dir='ltr'>quod</span> <span class='ocrx_word' id='word_1_274' title='bbox 1627 4463 1859 4558; x_wconf 75' lang='lat' dir='ltr'>intrusoripte</span> <span class='ocrx_word' id='word_1_275' title='bbox 1880 4485 1944 4559; x_wconf 89' lang='lat' dir='ltr'>per</span> <span class='ocrx_word' id='word_1_276' title='bbox 1967 4485 2007 4538; x_wconf 90' lang='lat' dir='ltr'>se</span> 
     </span>
     <span class='ocr_line' id='line_1_31' title="bbox 472 4553 2007 4664; baseline 0.011 -34"><span class='ocrx_word' id='word_1_277' title='bbox 472 4553 585 4644; x_wconf 83' lang='lat' dir='ltr'>ipsum</span> <span class='ocrx_word' id='word_1_278' title='bbox 615 4561 714 4635; x_wconf 91' lang='lat' dir='ltr'>idem</span> <span class='ocrx_word' id='word_1_279' title='bbox 731 4564 1005 4657; x_wconf 80' lang='lat' dir='ltr'>¹Sondriuogius</span> <span class='ocrx_word' id='word_1_280' title='bbox 1039 4571 1236 4660; x_wconf 89' lang='lat' dir='ltr'>exprimere</span> <span class='ocrx_word' id='word_1_281' title='bbox 1269 4590 1343 4642; x_wconf 93' lang='lat' dir='ltr'>non</span> <span class='ocrx_word' id='word_1_282' title='bbox 1375 4571 1520 4654; x_wconf 75' lang='lat' dir='ltr'>valeret,</span> <span class='ocrx_word' id='word_1_283' title='bbox 1556 4570 1698 4662; x_wconf 91' lang='lat' dir='ltr'>publice</span> <span class='ocrx_word' id='word_1_284' title='bbox 1728 4571 1936 4664; x_wconf 82' lang='lat' dir='ltr'>recognouit</span> <span class='ocrx_word' id='word_1_285' title='bbox 1971 4578 2007 4646; x_wconf 88' lang='lat' dir='ltr'>et</span> 
     </span>
     <span class='ocr_line' id='line_1_32' title="bbox 471 4663 2006 4775; baseline 0.012 -39"><span class='ocrx_word' id='word_1_286' title='bbox 471 4663 649 4742; x_wconf 75' lang='lat' dir='ltr'>comesus</span> <span class='ocrx_word' id='word_1_287' title='bbox 680 4675 745 4756; x_wconf 87' lang='lat' dir='ltr'>est,</span> <span class='ocrx_word' id='word_1_288' title='bbox 776 4673 952 4762; x_wconf 89' lang='lat' dir='ltr'>quomodo</span> <span class='ocrx_word' id='word_1_289' title='bbox 975 4673 1072 4747; x_wconf 91' lang='lat' dir='ltr'>idem</span> <span class='ocrx_word' id='word_1_290' title='bbox 1103 4676 1364 4768; x_wconf 82' lang='lat' dir='ltr'>Sondriuogius</span> <span class='ocrx_word' id='word_1_291' title='bbox 1394 4680 1519 4750; x_wconf 80' lang='lat' dir='ltr'>villam</span> <span class='ocrx_word' id='word_1_292' title='bbox 1552 4681 1723 4752; x_wconf 78' lang='lat' dir='ltr'>Wonorze</span> <span class='ocrx_word' id='word_1_293' title='bbox 1737 4685 1763 4769; x_wconf 86' lang='lat'>¹)</span> <span class='ocrx_word' id='word_1_294' title='bbox 1786 4683 1911 4753; x_wconf 88' lang='lat' dir='ltr'>mense</span> <span class='ocrx_word' id='word_1_295' title='bbox 1934 4685 2006 4775; x_wconf 92' lang='lat' dir='ltr'>epl-</span> 
     </span>
    </p>
   </div>
   <div class='ocr_carea' id='block_1_14' title="bbox 469 4773 2146 4867">
    <p class='ocr_par' dir='ltr' id='par_1_15' title="bbox 469 4773 2146 4867">
     <span class='ocr_line' id='line_1_33' title="bbox 469 4773 2146 4867; baseline 0.011 -21"><span class='ocrx_word' id='word_1_296' title='bbox 469 4773 616 4863; x_wconf 68' lang='lat' dir='ltr'>teupulis</span> <span class='ocrx_word' id='word_1_297' title='bbox 644 4778 966 4867; x_wconf 80' lang='lat' dir='ltr'>Wledisleuiensis,</span> <span class='ocrx_word' id='word_1_298' title='bbox 999 4786 1108 4855; x_wconf 87' lang='lat' dir='ltr'>sitem</span> <span class='ocrx_word' id='word_1_299' title='bbox 1132 4787 1169 4857; x_wconf 92' lang='lat' dir='ltr'>in</span> <span class='ocrx_word' id='word_1_300' title='bbox 1204 4789 1299 4858; x_wconf 84' lang='lat' dir='ltr'>terre</span> <span class='ocrx_word' id='word_1_301' title='bbox 1322 4792 1445 4859; x_wconf 86' lang='lat' dir='ltr'>nostre</span> <span class='ocrx_word' id='word_1_302' title='bbox 1467 4785 1673 4860; x_wconf 83' lang='lat' dir='ltr'>Cuieuiensi</span> <span class='ocrx_word' id='word_1_303' title='bbox 1709 4793 1745 4862; x_wconf 87' lang='lat' dir='ltr'>et</span> <span class='ocrx_word' id='word_1_304' title='bbox 1778 4793 1816 4863; x_wconf 89' lang='lat' dir='ltr'>in</span> <span class='ocrx_word' id='word_1_305' title='bbox 1840 4791 2006 4862; x_wconf 88' lang='lat' dir='ltr'>districtu</span> <span class='ocrx_word' id='word_1_306' title='bbox 2142 4823 2146 4831; x_wconf 92' lang='lat'><em>·</em></span> 
     </span>
    </p>
   </div>
   <div class='ocr_carea' id='block_1_15' title="bbox 415 4869 2004 5424">
    <p class='ocr_par' dir='ltr' id='par_1_16' title="bbox 415 4869 2004 5424">
     <span class='ocr_line' id='line_1_34' title="bbox 470 4869 2004 4992; baseline 0.014 -44"><span class='ocrx_word' id='word_1_307' title='bbox 470 4869 742 4971; x_wconf 73' lang='lat' dir='ltr'>Gneo-comensi,</span> <span class='ocrx_word' id='word_1_308' title='bbox 755 4892 782 4975; x_wconf 90' lang='lat'>¹)</span> <span class='ocrx_word' id='word_1_309' title='bbox 805 4892 949 4960; x_wconf 88' lang='lat' dir='ltr'>nonnisi</span> <span class='ocrx_word' id='word_1_310' title='bbox 972 4891 1018 4962; x_wconf 83' lang='lat' dir='ltr'>od</span> <span class='ocrx_word' id='word_1_311' title='bbox 1041 4911 1106 4964; x_wconf 89' lang='lat' dir='ltr'>sue</span> <span class='ocrx_word' id='word_1_312' title='bbox 1128 4895 1203 4964; x_wconf 85' lang='lat' dir='ltr'>vite</span> <span class='ocrx_word' id='word_1_313' title='bbox 1225 4897 1468 4987; x_wconf 81' lang='lat' dir='ltr'>temperatus</span> <span class='ocrx_word' id='word_1_314' title='bbox 1492 4895 1641 4968; x_wconf 88' lang='lat' dir='ltr'>heberet</span> <span class='ocrx_word' id='word_1_315' title='bbox 1666 4897 1885 4990; x_wconf 89' lang='lat' dir='ltr'>possidendi,</span> <span class='ocrx_word' id='word_1_316' title='bbox 1909 4904 2004 4992; x_wconf 79' lang='lat' dir='ltr'>post</span> 
     </span>
     <span class='ocr_line' id='line_1_35' title="bbox 415 4993 2003 5079; baseline 0.011 -19"><span class='ocrx_word' id='word_1_317' title='bbox 415 5053 419 5060; x_wconf 91' lang='lat'>.</span> <span class='ocrx_word' id='word_1_318' title='bbox 469 4997 534 5069; x_wconf 68' lang='lat' dir='ltr'>‘lue</span> <span class='ocrx_word' id='word_1_319' title='bbox 560 5007 667 5064; x_wconf 80' lang='lat' dir='ltr'>suurn</span> <span class='ocrx_word' id='word_1_320' title='bbox 694 4993 884 5068; x_wconf 90' lang='lat' dir='ltr'>decessum</span> <span class='ocrx_word' id='word_1_321' title='bbox 913 4998 1065 5070; x_wconf 83' lang='lat' dir='ltr'>eandem</span> <span class='ocrx_word' id='word_1_322' title='bbox 1095 5000 1218 5072; x_wconf 82' lang='lat' dir='ltr'>villam</span> <span class='ocrx_word' id='word_1_323' title='bbox 1244 5005 1414 5074; x_wconf 75' lang='lat' dir='ltr'>Wanoree</span> <span class='ocrx_word' id='word_1_324' title='bbox 1447 5023 1530 5075; x_wconf 90' lang='lat' dir='ltr'>curn</span> <span class='ocrx_word' id='word_1_325' title='bbox 1560 5005 1728 5078; x_wconf 92' lang='lat' dir='ltr'>omnibus</span> <span class='ocrx_word' id='word_1_326' title='bbox 1759 5009 1835 5078; x_wconf 89' lang='lat' dir='ltr'>suis</span> <span class='ocrx_word' id='word_1_327' title='bbox 1865 5006 2003 5079; x_wconf 89' lang='lat' dir='ltr'>iuribus</span> 
     </span>
     <span class='ocr_line' id='line_1_36' title="bbox 469 5089 2003 5209; baseline 0.014 -44"><span class='ocrx_word' id='word_1_328' title='bbox 469 5089 503 5158; x_wconf 71' lang='lat' dir='ltr'>et</span> <span class='ocrx_word' id='word_1_329' title='bbox 523 5100 761 5194; x_wconf 72' lang='lat' dir='ltr'>pertinenciis,</span> <span class='ocrx_word' id='word_1_330' title='bbox 795 5103 1081 5198; x_wconf 84' lang='lat' dir='ltr'>quibuscumque</span> <span class='ocrx_word' id='word_1_331' title='bbox 1102 5111 1308 5182; x_wconf 91' lang='lat' dir='ltr'>nominibus</span> <span class='ocrx_word' id='word_1_332' title='bbox 1332 5111 1565 5204; x_wconf 82' lang='lat' dir='ltr'>appellentru,</span> <span class='ocrx_word' id='word_1_333' title='bbox 1598 5113 1707 5184; x_wconf 90' lang='lat' dir='ltr'>nullis</span> <span class='ocrx_word' id='word_1_334' title='bbox 1737 5117 1825 5200; x_wconf 89' lang='lat' dir='ltr'>iure,</span> <span class='ocrx_word' id='word_1_335' title='bbox 1849 5118 2003 5209; x_wconf 80' lang='lat' dir='ltr'>proprie</span> 
     </span>
     <span class='ocr_line' id='line_1_37' title="bbox 468 5193 2002 5312; baseline 0.018 -43"><span class='ocrx_word' id='word_1_336' title='bbox 468 5193 537 5270; x_wconf 74' lang='lat' dir='ltr'>tete</span> <span class='ocrx_word' id='word_1_337' title='bbox 559 5223 600 5276; x_wconf 78' lang='lat' dir='ltr'>ec</span> <span class='ocrx_word' id='word_1_338' title='bbox 622 5205 779 5282; x_wconf 89' lang='lat' dir='ltr'>dominio</span> <span class='ocrx_word' id='word_1_339' title='bbox 803 5215 841 5282; x_wconf 93' lang='lat' dir='ltr'>in</span> <span class='ocrx_word' id='word_1_340' title='bbox 864 5213 990 5285; x_wconf 86' lang='lat' dir='ltr'>cedem</span> <span class='ocrx_word' id='word_1_341' title='bbox 1012 5215 1100 5286; x_wconf 85' lang='lat' dir='ltr'>villo</span> <span class='ocrx_word' id='word_1_342' title='bbox 1125 5219 1294 5290; x_wconf 81' lang='lat' dir='ltr'>Wenorze</span> <span class='ocrx_word' id='word_1_343' title='bbox 1320 5239 1384 5312; x_wconf 90' lang='lat' dir='ltr'>pro</span> <span class='ocrx_word' id='word_1_344' title='bbox 1416 5219 1541 5292; x_wconf 90' lang='lat' dir='ltr'>eodem</span> <span class='ocrx_word' id='word_1_345' title='bbox 1564 5219 1810 5312; x_wconf 53' lang='lat' dir='ltr'>,Sandziuogio</span> <span class='ocrx_word' id='word_1_346' title='bbox 1840 5227 1903 5296; x_wconf 86' lang='lat' dir='ltr'>out</span> <span class='ocrx_word' id='word_1_347' title='bbox 1925 5226 2002 5296; x_wconf 89' lang='lat' dir='ltr'>suis</span> 
     </span>
     <span class='ocr_line' id='line_1_38' title="bbox 469 5294 2001 5424; baseline 0.014 -43"><span class='ocrx_word' id='word_1_348' title='bbox 469 5294 651 5386; x_wconf 77' lang='lat' dir='ltr'>heredibus</span> <span class='ocrx_word' id='word_1_349' title='bbox 673 5317 732 5389; x_wconf 84' lang='lat' dir='ltr'>vel</span> <span class='ocrx_word' id='word_1_350' title='bbox 761 5321 1028 5392; x_wconf 87' lang='lat' dir='ltr'>successoribus</span> <span class='ocrx_word' id='word_1_351' title='bbox 1059 5323 1230 5414; x_wconf 82' lang='lat' dir='ltr'>legitimis</span> <span class='ocrx_word' id='word_1_352' title='bbox 1262 5329 1463 5412; x_wconf 85' lang='lat' dir='ltr'>reseruatis,</span> <span class='ocrx_word' id='word_1_353' title='bbox 1497 5327 1543 5398; x_wconf 86' lang='lat' dir='ltr'>ud</span> <span class='ocrx_word' id='word_1_354' title='bbox 1567 5328 1718 5402; x_wconf 85' lang='lat' dir='ltr'>eandem</span> <span class='ocrx_word' id='word_1_355' title='bbox 1744 5351 1906 5403; x_wconf 89' lang='lat' dir='ltr'>mensem</span> <span class='ocrx_word' id='word_1_356' title='bbox 1931 5334 2001 5424; x_wconf 92' lang='lat' dir='ltr'>epi·</span> 
     </span>
    </p>
   </div>
   <div class='ocr_carea' id='block_1_16' title="bbox 186 5406 2001 5534">
    <p class='ocr_par' dir='ltr' id='par_1_17' title="bbox 186 5406 2001 5534">
     <span class='ocr_line' id='line_1_39' title="bbox 186 5406 2001 5534; baseline 0.011 -41"><span class='ocrx_word' id='word_1_357' title='bbox 186 5406 196 5421; x_wconf 82' lang='grc'><strong><em>’</em></strong></span> <span class='ocrx_word' id='word_1_358' title='bbox 327 5507 328 5510; x_wconf 4' lang='grc' dir='ltr'><strong><em>Ν</em></strong></span> <span class='ocrx_word' id='word_1_359' title='bbox 469 5417 642 5508; x_wconf 73' lang='lat' dir='ltr'>⁸⁰01&gt;ulem</span> <span class='ocrx_word' id='word_1_360' title='bbox 676 5429 712 5497; x_wconf 94' lang='lat' dir='ltr'>et</span> <span class='ocrx_word' id='word_1_361' title='bbox 746 5429 965 5522; x_wconf 90' lang='lat' dir='ltr'>episcopum,</span> <span class='ocrx_word' id='word_1_362' title='bbox 997 5431 1058 5523; x_wconf 91' lang='lat' dir='ltr'>qui</span> <span class='ocrx_word' id='word_1_363' title='bbox 1093 5451 1158 5529; x_wconf 90' lang='lat' dir='ltr'>pro</span> <span class='ocrx_word' id='word_1_364' title='bbox 1180 5433 1355 5532; x_wconf 86' lang='lat' dir='ltr'>tempore&#39;</span> <span class='ocrx_word' id='word_1_365' title='bbox 1373 5435 1491 5524; x_wconf 85' lang='lat' dir='ltr'>tuerit,</span> <span class='ocrx_word' id='word_1_366' title='bbox 1516 5437 1865 5527; x_wconf 87' lang='lat' dir='ltr'>Wlodisluuiensem,</span> <span class='ocrx_word' id='word_1_367' title='bbox 1896 5439 2001 5534; x_wconf 88' lang='lat' dir='ltr'>pleno</span> 
     </span>
    </p>
   </div>
   <div class='ocr_carea' id='block_1_17' title="bbox 0 0 2358 6356">
    <p class='ocr_par' dir='ltr' id='par_1_18' title="bbox 0 0 2358 6356">
     <span class='ocr_line' id='line_1_40' title="bbox 0 0 2358 6356; baseline 0 2"><span class='ocrx_word' id='word_1_368' title='bbox 0 0 2358 6356; x_wconf 95' lang='lat' dir='ltr'> </span> 
     </span>
    </p>
   </div>
  </div>
 </body>
</html>
