4706 6356
1837 417 1996 532 Ι67

231 659 242 678 ·
332 671 335 678 .
464 617 582 714 anyoh
605 595 693 689 door
713 618 969 690 Mnemon
992 617 1004 687 l
1027 618 1191 701 Zorcr‘oo.
1238 569 1380 706 Testes:
1404 612 1572 686 Nicolaus
1589 611 1850 696 Simaszewski,
1873 610 1996 683 iohan-

462 752 521 812 nes
561 723 807 798 Wilamowski
846 725 1006 798 notarius
1042 723 1241 796 consistorii
1272 721 1477 808 Gnesnesis
1511 715 1696 796 Strzosrko
1724 717 1996 814 Lagioimyoaki

462 837 610 926 armiger
632 832 860 907 Gneznenals.

621 1035 778 1108 minima
795 1047 953 1107 emisero
971 1045 1217 1124 “mammaeae
1235 1045 1420 1117 onenariae,
1438 1051 1501 1104 aa
1518 1043 1555 1104 oo
1571 1063 1598 1103 a
1619 1046 1698 1106 moa

610 1244 642 1320 '¹)
660 1243 817 1302 menneo
834 1243 900 1302 orlei
918 1242 1023 1318 uiegdy
1040 1260 1065 1300 rr
1084 1241 1148 1314 voi.
1166 1241 1324 1312 hliekiom,
1341 1259 1413 1318 poor.
1432 1241 1582 1316 koyriskim
1601 1243 1746 1318 poiotona.

619 1335 643 1409 'l
661 1334 846 1392 Marenem
863 1333 967 1394 metae
985 1332 1051 1394 wien·
1070 1333 1189 1392 moenie}
1205 1331 1310 1408 niagd5
1328 1352 1354 1391 rr
1372 1333 1434 1405 moi.
1453 1332 1611 1403 kaiiehiem,
1629 1351 1699 1408 pon.
1718 1333 1879 1408 koyriskirn.

420 1889 421 1892 a
465 1814 516 1882 hi.
562 1806 659 1877 1405.
684 1801 742 1875 dle
766 1806 820 1875 10.
846 1802 981 1873 mensis
1005 1800 1170 1886 Ianuarii,
1193 1797 1368 1872 linesnao.

424 2100 429 2110 ¹
622 2017 792 2090 hibertus
816 2016 861 2088 de
886 2017 1123 2088 Wezaraomoo
1152 2015 1368 2088 castellanus
1392 2013 1626 2100 Carrinensis,
1657 2014 1826 2087 Nioolaus
1849 2013 1895 2086 de
1916 2017 2001 2088 Sio-

462 2133 521 2222 pie
542 2131 578 2198 et
598 2125 753 2199 Mathias
775 2122 821 2197 de
836 2125 1072 2196 Waeerodowo
1095 2143 1179 2194 oum
1201 2122 1371 2196 Pribisiao
1394 2125 1596 2216 praeposito
1620 2123 1827 2194 monasterii
1849 2143 1878 2194 s.
1901 2123 1999 2196 loen·

468 2239 522 2312 als
544 2237 627 2308 aute
650 2231 831 2306 Gnesnam
845 2229 969 2304 uillam
983 2233 1165 2320 Mpeeniki
1185 2230 1281 2302 villis
1292 2233 1495 2323 iiolecapoo
1512 2235 1548 2304 et
1561 2233 1748 2304 Bronietoo
1766 2233 1999 2304 commutant.

624 2447 799 2521 Nouerint
820 2448 981 2520 vmuersi
1001 2449 1205 2540 presentem
1227 2445 1368 2518 literam
1391 2448 1596 2539 inspecturi,
1625 2444 1721 2539 quod
1743 2465 1808 2518 nos
1831 2447 2000 2520 Albertus

234 2549 246 2564 “
328 2566 337 2579 ·
469 2555 679 2632 castellanos
709 2553 982 2628 Gameneoensls
994 2558 1041 2642 (s)
1071 2553 1128 2627 de·
1148 2555 1395 2640 Woeerodowo,
1425 2573 1566 2628 necnon
1598 2553 1767 2627 Nioolaus
1797 2553 1842 2628 de
1864 2555 1999 2644 stopie

467 2663 617 2740 linthias
641 2663 756 2736 eciam
779 2663 824 2736 de
849 2663 1095 2748 Wseerudowo,
1127 2663 1270 2752 cognati
1294 2661 1380 2742 dieii
1403 2661 1592 2752 magniiioi
1616 2666 1653 2734 et
1674 2660 1824 2734 heredes
1853 2664 2001 2755 premis·

468 2791 594 2858 sorum,
629 2775 772 2844 matura
804 2768 1061 2843 deliberacione
1094 2768 1281 2862 prehabito
1315 2769 1533 2861 oonaihoquo
1568 2789 1656 2841 sano
1689 2775 1892 2842 nostrorum
1915 2771 2001 2842 anri·

469 2899 588 2953 eorum
611 2877 780 2964 adhibito,
802 2897 887 2950 eum
911 2876 1109 2950 honorabili
1133 2897 1175 2948 ao
1196 2875 1363 2968 religioso
1386 2867 1474 2962 viross
1505 2875 1650 2949 domino
1672 2875 1856 2968 Prpbislao
1877 2897 2002 2972 prepo·
2130 2951 2132 2954 ,

467 2989 532 3060 elio
553 2988 669 3060 senoil
690 2985 856 3059 Iohannis
880 2989 963 3058 anta
986 2985 1168 3060 (laeenam
1195 3003 1336 3058 noanon
1359 3005 1443 3056 oum
1466 2989 1646 3057 conuentu
1667 3004 1733 3058 suo
1757 3005 1800 3058 ao
1830 2985 2002 3058 iratribus

471 3096 553 3180 suis,
580 3093 747 3167 videlieet
770 3092 1001 3179 Swantoslao
1033 3091 1237 3178 wilhelmo,
1269 3091 1421 3164 Mariino
1444 3095 1482 3164 et
1504 3091 1697 3194 Stephano,
1727 3091 1863 3167 ordinis
1886 3095 2003 3166 saneti

469 3203 666 3293 Augustini,
690 3201 869 3274 Dominiei
890 3200 1071 3293 sepulohri
1089 3199 1410 3292 Hierosolymitant
1433 3199 1586 3275 ierimus
1610 3204 1647 3273 et
1668 3201 1893 3294 presentibus
1916 3200 2003 3274 inol-

229 3312 233 3320 '
322 3353 333 3370 ·
473 3328 550 3381 mus
579 3311 884 3404 permutacionem
914 3307 1155 3380 hereditatum
1183 3313 1405 3402 perpetuam,
1433 3307 1602 3382 videlieet
1632 3311 1838 3381 Mooaoznibi
1866 3307 2003 3380 heredi·

458 3421 576 3489 tatem
598 3419 707 3490 altam
728 3436 839 3511 prope
865 3419 1152 3504 zoaectmoomsti
1176 3420 1433 3509 permutamus
1465 3421 1502 3488 et
1535 3396 1763 3509 presentibus
1785 3419 2003 3510 permutaui-

473 3543 549 3597 mus
571 3545 635 3619 pro
657 3523 916 3598 hereditatibus
939 3521 1025 3596 dieti
1050 3525 1222 3618 propositi
1245 3527 1282 3596 et
1304 3526 1362 3624 sui
1386 3529 1595 3610 oonuentus,
1618 3523 1786 3597 videlieet
1806 3543 1872 3618 pro
1894 3526 2005 3597 Maie-

475 3651 578 3722 oepno
601 3638 637 3706 ot
659 3635 869 3721 Βνοπαοοβ)
900 3633 979 3704 sitis
1001 3637 1039 3705 et
1060 3632 1187 3705 leontis
1219 3633 1259 3704 in
1292 3631 1458 3704 dhhiotu
1488 3630 1676 3730 Naoiensis
1709 3635 1828 3704 caeni.
1875 3631 2004 3722 Quam·

474 3737 613 3830 quidem
635 3739 870 3813 hereditatem
892 3743 1097 3812 Meuaniae
1118 3758 1184 3812 nos
1197 3739 1362 3832 prefatus
1379 3739 1548 3812 hibertus
1564 3759 1649 3813 oum
1663 3741 1849 3834 premissis
1871 3743 2004 3814 nostris
2159 3817 2163 3822 ,
2193 3709 2202 3726 “

472 3849 627 3938 eognatis
653 3853 860 3942 prenarrato
895 3848 1038 3920 domino
1068 3847 1239 3920 Pribislao
1258 3867 1346 3920 oum
1369 3851 1445 3920 suis
1476 3849 1551 3920 iam
1573 3849 1751 3942 expressis
1774 3847 1945 3924 inanibus
1968 3853 2006 3921 et

474 3971 552 4028 oum
574 3975 698 4029 eorum
720 3955 986 4028 suooasaoribua
1020 3955 1150 4028 damus
1179 3957 1321 4028 raoione
1350 3957 1628 4050 permutationis
1657 3959 1832 4050 premisse
1855 3977 1898 4029 ao
1918 3960 2005 4030 resi·

476 4079 624 4150 mamus
640 4083 723 4136 oum
737 4063 903 4136 omnibus
917 4063 1142 4150 utilitatibus,
1161 4062 1296 4150 usibus,
1314 4063 1558 4156 prouentibus,
1582 4063 1688 4156 galis,
1710 4065 1857 4151 mbetis,
1879 4067 2005 4158 pratis,

476 4165 629 4258 laonbus,
652 4171 762 4244 riwhs
784 4191 826 4245 ao
846 4175 921 4244 toto
945 4169 1112 4256 dominio,
1135 4170 1246 4244 niohil
1268 4191 1332 4265 pro
1355 4192 1396 4244 se
1410 4175 1647 4257 resumentes,
1671 4193 1714 4245 ao
1730 4192 1813 4244 oum
1825 4175 2005 4246 uniuersis

478 4274 760 4364 obuenoionibus,
783 4285 889 4373 prout
911 4279 1037 4352 eadem
1066 4278 1247 4352 hareditas
1269 4281 1475 4355 Monoeniloi
1496 4281 1535 4350 in
1558 4281 1635 4351 suis
1656 4273 1833 4352 limitibus
1857 4283 2005 4354 oiroum·

481 4379 714 4460 ierenoialitar
734 4391 792 4460 est
811 4385 992 4473 dietim
1015 4387 1197 4481 perpetuis
1219 4385 1387 4460 videlieet
1409 4385 1629 4482 temporibus
1652 4385 1866 4474 habendam,
1894 4392 2007 4482 possi·

479 4486 637 4581 denmm,
673 4494 947 4589 permutandam
979 4513 1022 4568 ao
1053 4497 1093 4567 in
1124 4514 1213 4568 esua
1246 4498 1408 4589 proprios
1441 4492 1729 4568 conuertendana.
1776 4495 1851 4568 lieo
1885 4499 2008 4570 omnia

475 4603 712 4708 plorabimus
733 4605 814 4676 sine
841 4601 921 4676 dolo
950 4608 987 4676 et
1010 4601 1138 4676 iraudo
1167 4603 1271 4676 iitrrlo
1292 4623 1377 4677 vere
1406 4601 1494 4676 iidei
1523 4602 1776 4676 inuiolabiliter
1794 4602 2005 4678 obseruare.

364 4767 366 4773 ,
478 4703 640 4789 boum
661 4713 715 4784 rei
733 4711 988 4784 oertitudinem
1016 4711 1199 4784 meliorem
1226 4711 1347 4802 sigilla
1368 4715 1500 4799 nostra,
1532 4709 1701 4784 videlieet
1722 4711 1859 4784 Albertl
1881 4715 2007 4786 oasim-
2099 4773 2102 4780 ⁴

479 4807 547 4888 lani
568 4817 810 4904 comenensis,
832 4817 969 4892 Nioolai
993 4817 1038 4891 de
1059 4821 1185 4910 stopie
1206 4819 1432 4913 presentibus
1448 4824 1534 4891 sunt
1557 4821 1735 4912 apposita;
1766 4818 1831 4892 sed
1853 4820 2006 4895 hiathies

371 4947 375 4955 ’
477 4923 632 5010 prelatus
654 4931 798 5021 propter
820 4926 1102 5000 adoleaoenolem
1132 4946 1237 4999 suam
1260 4947 1331 5000 non
1354 4927 1521 4999 utebatur
1550 4927 1668 5018 sigilio
1697 4931 1849 5023 proprio,
1880 4929 1946 5002 sed
1968 4931 2006 5003 in

476 5027 615 5119 rignum
636 5035 724 5108 fidoi
746 5053 895 5107 manum
918 5033 1016 5107 dedit
1037 5035 1176 5129 prelato
1198 5035 1379 5129 preposito
1402 5033 1617 5128 placitando.
1663 5037 1796 5110 Actum
1816 5040 1856 5109 et
1878 5035 2004 5111 dotum

476 5129 612 5234 Goesne
632 5141 784 5217 sabbato
806 5143 902 5215 inira
927 5149 1080 5215 octauas
1102 5141 1311 5238 EpIphanio,
1347 5143 1414 5216 sub
1439 5163 1531 5216 anno
1559 5141 1824 5218 Inoamaoionis
1857 5143 2004 5218 Domini

478 5241 657 5324 minimo
697 5249 1048 5343 quadringentesimo
1082 5255 1215 5344 quinto.
1274 5251 1502 5324 presentibus
1543 5251 1600 5324 his
1636 5252 1831 5325 nobilibus:
1863 5252 2001 5326 Mathia

477 5343 565 5426 dieb
586 5355 762 5454 Wappost
784 5357 829 5433 de
851 5361 1075 5448 Dzerooroooo,
1099 5357 1360 5434 Reuosnela'de
1381 5362 1519 5446 liedooz,
1542 5358 1703 5432 lanussio
1718 5357 1762 5432 de
1780 5365 2001 5452 Laperoniiai,

1801 5487 1835 5564 9.·
