4668 6352
604 360 672 452 eii

603 585 682 656 ast.
729 581 828 654 rus.
853 577 911 652 die
933 581 965 652 d.
991 580 1126 654 mensis
1148 569 1316 670 Augrrstl,
1339 566 1536 654 Lmolciae.

735 881 742 893 .
766 794 987 869 wladislaus
1009 793 1049 868 ll.
1073 815 1135 867 rex
1157 793 1324 868 Polonioe
1346 795 1512 869 Andreas
1540 800 1708 893 episeopo
1737 799 1968 878 Posnaniensi
1992 807 2036 884 de
2056 773 2131 904 rili.

603 908 821 978 Koroiosewo
836 905 1018 977 civitatem
1033 905 1263 976 Lcoitorzewo
1279 905 1357 976 iure
1371 903 1670 998 Mngdeburgensi
1686 907 1825 982 locandi
1841 908 1905 984 dat
1919 917 2129 1012 potestatem.

604 1194 607 1202 ,
765 1120 806 1193 ln
840 1122 984 1194 nomine
1015 1119 1161 1194 Domini
1199 1137 1315 1192 amen.
1361 1118 1421 1193 Ad
1458 1125 1667 1214 perpetuam
1697 1125 1749 1196 rei
1787 1127 2005 1204 memoriam.
2049 1137 2128 1229 Qui,

601 1235 690 1302 tuuc
712 1228 836 1302 multis
860 1249 1020 1302 errorum
1053 1232 1090 1300 et
1112 1225 1301 1299 dubionrm
1335 1225 1531 1320 dispendiis
1566 1230 1759 1323 prudentor
1790 1237 2020 1325 occurrimus,
2053 1246 2128 1332 dum

600 1341 706 1430 gesta
728 1338 834 1408 etatis
858 1340 977 1410 nostre
999 1336 1199 1408 litterarum
1231 1335 1392 1427 apicibus
1416 1340 1453 1408 et
1474 1335 1738 1428 iidedignonrm
1771 1340 1974 1420 testimonio
1995 1352 2129 1440 pernen.

600 1463 743 1530 namus,
766 1443 915 1537 proinde
937 1464 1003 1518 nos
1026 1441 1246 1515 wladislaus
1278 1441 1345 1514 Dei
1375 1446 1498 1534 graoia
1524 1465 1586 1516 rex
1617 1444 1770 1531 Paionia,
1800 1467 1939 1523 necnon
1969 1455 2128 1541 terrarum

601 1553 784 1638 Cracouie,
807 1551 1041 1636 Sandomlrie,
1070 1549 1229 1642 Syradie,
1259 1549 1435 1637 banciola,
1466 1551 1724 1644 Lithuanleque
1753 1556 1919 1650 princeps
1943 1579 2129 1662 supremus,
2222 1635 2224 1640 ,

601 1659 822 1747 Pomeranie,
856 1661 1055 1752 Russieque
1088 1657 1253 1731 dominus
1289 1662 1326 1730 et
1355 1657 1469 1744 ireres,
1504 1660 1765 1750 significamus,
1802 1662 1991 1756 quibusis)
2020 1674 2129 1754 tana„

480 1785 484 1793 .
600 1771 833 1862 mosomum,
869 1768 1001 1861 qulbus
1036 1765 1189 1860 expedit,
1222 1765 1450 1859 presentibus
1483 1772 1520 1838 at
1553 1767 1696 1855 iuturis,
1730 1773 1951 1863 presentium
1973 1781 2127 1862 norisium

599 1877 790 1962 habituris,
827 1874 1005 1970 quomodo
1033 1875 1195 1948 solentes
1232 1872 1329 1946 bona
1364 1875 1515 1947 ecclesie
1549 1875 1800 1950 Pozneniensis
1833 1883 1869 1950 et
1897 1865 2127 1978 episcopatum

599 1988 715 2080 ipsius
753 1988 792 2058 in
828 2004 921 2084 vsus·
955 1981 1125 2056 reducere
1163 1981 1339 2068 meliores,
1378 1981 1588 2075 iruotusque
1622 1988 1658 2056 et
1693 1989 1888 2076 prouentus
1923 1985 2068 2067 dilatme
2096 2015 2124 2074 a

601 2098 845 2186 augmentare,
877 2097 918 2164 vt
952 2091 1021 2164 sub
1053 2089 1149 2162 iclioi
1183 2094 1306 2161 nostro
1339 2091 1513 2180 regimine
1535 2091 1638 2163 utilia
1672 2093 1893 2166 incrementa
1924 2115 1964 2168 se
1986 2105 2126 2180 sentinat

599 2203 789 2295 recepisse,
821 2199 868 2274 sd
898 2201 1076 2272 instantes
1104 2195 1325 2288 deuotasque
1357 2200 1547 2290 petitiones
1576 2198 1763 2273 reuerendi
1793 2203 1831 2274 in
1854 2200 1995 2277 Christo
2016 2215 2126 2300 patris,

601 2309 738 2382 domini
772 2307 914 2382 Andree
949 2305 1017 2378 Dei
1049 2307 1167 2396 gratia
1203 2307 1363 2398 episcopi
1400 2305 1663 2395 posnaniensis,
1702 2310 1839 2382 sincere
1873 2309 1976 2383 nobis
2010 2312 2125 2404 dilect,

600 2421 785 2491 ciuitatem
809 2415 854 2489 de
875 2414 962 2498 arilia
985 2414 1312 2500 suavKoroziozetoo
1336 2411 1441 2498 dicte,
1472 2415 1510 2486 in
1537 2419 1633 2488 terra
1656 2419 1693 2488 et
1715 2415 1880 2490 districtu
1902 2417 2126 2510 Radamiensi,

600 2546 711 2621 prope
734 2529 850 2598 motas
873 2521 1033 2595 Manouie
1056 2523 1137 2606 sita
1171 2518 1379 2612 erigendam
1411 2525 1447 2592 et
1477 2521 1666 2614 locandam
1702 2522 1918 2615 indulsimus
1952 2531 1988 2626 et
2018 2533 2126 2604 unone

600 2635 823 2728 presentium
845 2629 1086 2722 indulgemus,
1122 2648 1230 2719 quam
1253 2629 1522 2718 natantum)
1545 2631 1712 2703 volumus
1734 2636 1944 2727 nuncupari.
1990 2622 2126 2730 Queq'ui·

601 2742 683 2816 dem
708 2743 838 2813 ciuitas
860 2741 1102 2822 Lostsrseroo,
1124 2740 1165 2807 vt
1187 2735 1375 2809 hominum
1398 2737 1627 2810 multitudine
1659 2755 1701 2812 ao
1732 2741 1842 2812 cicius
1865 2741 1984 2815 valeat
2004 2743 2125 2820 bobun·

538 2861 540 2868 “
600 2851 697 2936 dare,
731 2851 849 2942 ipsum
873 2845 919 2919 de
940 2847 1018 2918 iure
1048 2845 1211 2931 Polonioo
1244 2845 1282 2916 in
1317 2847 1375 2916 ius
1410 2843 1681 2932 Theutonioum,
1714 2847 1808 2938 quod
1836 2847 2126 2942 llaydeburgense

600 2955 742 3042 dloitur,
776 2953 1028 3028 transierimus
1050 2957 1221 3046 perpetuo
1250 2949 1480 3025 duraturum:
1515 2960 1740 3026 remanentes
1763 2953 1896 3028 ibidem
1920 2960 2038 3031 omnia
2058 2963 2125 3032 iura

601 3062 826 3148 Polonioalia,
851 3060 975 3136 modos
1000 3066 1036 3134 et
1051 3057 1328 3132 consuetudines
1343 3062 1541 3146 uniuersas,
1566 3081 1635 3156 que
1658 3063 1777 3155 ipsum
1800 3067 1858 3136 ius
1881 3063 2124 3138 ‘lheutonioum

588 3175 817 3268 ,piemmque
849 3171 1113 3242 consueuerant
1145 3173 1182 3242 et
1216 3173 1302 3240 sunt
1339 3167 1445 3241 solita
1479 3169 1698 3262 perturbare.
1748 3169 1947 3244 Eximimus
1965 3213 1968 3220 ·
1983 3169 2124 3266 insuper,

601 3282 823 3355 absoluimus
858 3282 895 3350 at
924 3281 1097 3372 perpetuo
1126 3276 1321 3348 liberamus
1355 3296 1479 3349 omncs
1515 3282 1552 3349 et
1585 3277 1746 3368 singulos
1770 3276 1995 3366 aduocatum,
2029 3283 2124 3360 ciues,

590 3389 872 3484 thabematores
905 3390 942 3458 et
978 3387 1126 3476 quosuis
1165 3382 1259 3456 dicte
1299 3385 1457 3456 ciuitatis
1495 3381 1633 3458 incolas
1654 3385 1718 3482 ¹ab
1740 3388 1837 3458 omni
1860 3386 2076 3460 iurisditione
2096 3395 2124 3456 ei

599 3501 778 3591 potestate
812 3495 974 3567 omnium
1001 3493 1103 3583 regni
1126 3493 1238 3564 nostrl
1261 3491 1511 3586 palatinonrm,
1547 3492 1844 3578 castellanorum,¹
1863 3495 2123 3588 capitaneorum,

598 3605 771 3688 iudicum,
795 3599 1023 3675 subindicum
1048 3605 1084 3671 ct
1106 3601 1316 3691 quammuls
1340 3598 1550 3672 oiiicialium
1575 3604 1611 3673 et
1631 3601 1917 3675 ministerialium
1936 3599 2124 3678 eorundem.

600 3717 641 3785 vt
664 3731 785 3784 coram
807 3712 896 3803 ipsis
921 3712 984 3782 aut
1006 3710 1165 3801 ipsorum
1190 3707 1307 3799 aliquo
1338 3727 1402 3800 pro
1434 3710 1553 3780 causis
1584 3713 1659 3780 tam
1690 3713 1842 3800 magnis,
1875 3730 1983 3802 quam
1997 3709 2123 3802 pomis,

598 3825 689 3916 puta
710 3819 809 3902 iurti,
832 3815 1001 3908 incendii,
1025 3813 1223 3906 sanguinis,
1247 3815 1442 3908 homicidii,
1468 3816 1708 3889 membrorum
1732 3818 1965 3890 mutilationis
1987 3816 2123 3908 alljsque

600 3917 806 4001 excessibus
830 3925 930 3997 citati
953 3925 1101 3996 minime
1130 3923 1397 4016 respondebunt
1429 3943 1495 3996 nec
1526 3925 1665 4016 aliquas
1694 3945 1806 4017 penas
1836 3925 1975 3998 soluere
1996 3928 2123 3994 tenean-

598 4043 673 4123 tur3
697 4033 763 4108 sed
786 4031 881 4106 dicte
905 4033 1063 4106 claritatis
1087 4026 1187 4104 ciues
1219 4037 1256 4104 et
1289 4031 1404 4105 incole
1428 4051 1548 4104 coram
1582 4032 1766 4118 aduocato,
1786 4026 1863 4132 ¹qui
1895 4035 1958 4127 pro
1981 4037 2123 4120 tempore
2202 4071 2207 4084 ·

598 4146 717 4229 luerit,
742 4141 940 4214 adarocatus
968 4159 1053 4213 uero
1086 4159 1206 4212 coram
1238 4139 1494 4233 prenominato¹
1515 4139 1659 4212 domino
1690 4141 1855 4233 episcopo
1878 4142 1938 4213 uel
1960 4153 2123 4211 successo

587 4253 698 4340 'ribus
722 4252 809 4334 suis,
833 4251 911 4321 siue
934 4250 1013 4320 eius
1032 4247 1212 4341 deputato,
1237 4255 1300 4319 aut
1324 4267 1443 4319 coram
1467 4247 1570 4320 nobis
1593 4248 1651 4319 uel
1674 4247 1804 4320 iudicio
1829 4255 1949 4320 nostro
1971 4239 2123 4338 generati.

599 4360 687 4432 dum
710 4362 832 4430 tamen
855 4375 919 4449 per
940 4360 1102 4429 nostram
1124 4355 1292 4440 litteram,
1323 4359 1445 4427 nostro
1469 4355 1586 4444 sigillo
1616 4355 1809 4445 sigillatam
1840 4361 2007 4428 euocatus
2029 4347 2122 4422 luerit

598 4475 634 4556 et
657 4470 799 4550 citatus,
824 4467 860 4535 et
883 4462 951 4535 hoc
974 4466 1005 4536 si
1030 4465 1067 4536 in
1090 4462 1273 4536 reddenda
1295 4465 1433 4534 iustitia
1448 4464 1634 4553 negligens
1653 4463 1762 4535 luent
1784 4468 1820 4536 et
1842 4466 2023 4562 remissus,
2046 4463 2120 4527 iuno

601 4561 673 4647 non
697 4573 810 4657 aliter,
834 4590 943 4662 quam
967 4591 1033 4644 suo
1057 4573 1134 4643 iure
1157 4569 1376 4644 Theutonico
1408 4570 1708 4662 iiaydeburgansi
1731 4571 1890 4664 predicto
1920 4570 2030 4642 dese
2052 4579 2122 4653 qaia
2225 4633 2226 4660 ζ

599 4680 801 4754 malentibus
824 4677 1039 4772 respondere
1061 4682 1111 4751 sit
1133 4681 1313 4752 astrictus.
1359 4678 1397 4750 ln
1423 4680 1543 4751 causis
1577 4683 1697 4751 autem
1721 4679 1970 4752 criminalibus
1987 4679 2022 4746 et
2042 4665 2122 4758 capii·
2225 4667 2226 4752 3

599 4790 732 4864 talibus
748 4788 914 4879 superius
945 4789 1133 4879 expressis,
1165 4792 1360 4860 memorate
1391 4788 1547 4858 ciuitatis
1573 4786 1746 4860 aduocato
1776 4789 1812 4859 in
1837 4787 1943 4859 motis
1966 4789 2001 4854 et
2022 4773 2122 4870 great·
2224 4787 2226 4882 j

580 4879 665 4996 ''ciis
689 4893 882 4980 iudicandi,
906 4895 1163 4980 sentenciandi,
1188 4895 1372 4987 puniendi,
1404 4895 1613 4985 corrigendi,
1647 4895 1856 4981 decollandi,
1887 4877 2121 4984 suspendendi,
2224 4893 2226 4986 p

580 5003 778 5104 ,plectendi
801 5003 838 5073 ct
862 4999 1148 5095 coridempnandi
1179 5003 1322 5096 plenam
1353 5001 1483 5074 domus
1516 5007 1550 5074 et
1583 5001 1823 5075 omnimodam
1854 5007 1974 5074 tenore
1997 5003 2121 5087 presen-

600 5118 692 5186 tium
716 5109 945 5184 concedimus
970 5111 1189 5195 localitatem,
1214 5117 1319 5202 prout
1342 5109 1410 5182 hoc
1426 5113 1544 5203 ipsum
1569 5112 1625 5182 ius
1642 5109 1900 5182 ‘Plrcritonioum
1917 5111 1955 5180 in
1972 5097 2121 5176 onnribus¹

600 5223 676 5293 suis
711 5222 867 5312 punctis,
902 5221 1101 5303 sententiis
1135 5218 1410 5304 conditionibus,
1444 5219 1604 5290 animulis
1640 5224 1676 5290 et
1711 5217 1881 5290 clausulis
1914 5207 2061 5306 postulat
2091 5203 2120 5262 oi

599 5331 762 5423 requirit:
787 5327 923 5397 iuribus
947 5331 1069 5398 tomen
1093 5330 1224 5410 nostris
1247 5325 1427 5417 regalibus
1452 5328 1488 5398 iu
1512 5326 1678 5398 caninibus
1702 5347 1842 5418 semper
1865 5322 1985 5396 saluis.
2029 5309 2068 5383 lli
2090 5311 2120 5372 rt
