4722 6360
1780 433 1967 514 -bi

434 641 685 744 cupientesque
708 635 804 718 diem
827 637 1016 720 messionis
1040 647 1198 716 extreme
1221 635 1293 734 piJs
1329 623 1521 714 affectibus
1552 641 1739 734 proueniro
1769 643 1806 710 et
1835 639 1970 710 elamo-

433 777 510 837 rum
538 757 671 828 intuitu
695 756 881 844 aligare(s)
904 757 942 825 iu
965 753 1034 825 bac
1059 753 1198 824 mortali
1230 751 1356 822 tellure
1387 749 1431 821 de
1464 751 1567 821 bonis
1600 747 1644 820 ab
1675 748 1747 820 nito
1771 746 1874 819 nobis
1896 766 1972 818 cre·

433 869 515 943 ditis
538 865 724 948 seminare,
765 861 860 954 quod
883 883 965 933 oum
989 861 1224 952 multiplicato
1248 859 1369 930 iructu
1399 861 1437 929 in
1460 863 1582 930 eterna
1611 855 1833 928 beatitudine
1863 854 1970 926 recol·

432 981 539 1067 ligere
573 971 768 1054 valeamus,
803 991 865 1062 per
897 968 993 1060 quod
1025 971 1141 1040 eciam
1174 967 1268 1038 illius
1302 983 1458 1058 supema
1488 963 1717 1050 iherusalem,
1752 962 1971 1034 iherusalem
2046 1036 2049 1044 ,

433 1091 587 1174 inquom,
616 1099 686 1170 que
709 1077 898 1150 edificatur
929 1083 969 1148 vt
1002 1080 1141 1162 ciuitas,
1172 1077 1487 1168 participacionem
1518 1079 1678 1146 etemam
1711 1071 1847 1144 salubri
1878 1090 1971 1142 conr·

434 1191 562 1267 mencio
593 1185 857 1272 contrahamus,
894 1186 1082 1256 ecelesiam
1105 1203 1177 1254 vna
1212 1203 1294 1254 eum
1327 1185 1542 1254 monasterio
1578 1180 1719 1272 ordinis
1746 1179 1898 1272 predicti
1933 1181 1971 1250 iu

434 1296 573 1376 laudem
596 1297 849 1387 omnipotentis
872 1293 941 1364 Dei
964 1297 999 1364 et
1021 1295 1060 1362 in
1083 1291 1254 1364 honorem
1277 1293 1497 1362 sacrosancti
1518 1289 1686 1382 Corporis
1696 1287 1842 1360 Domini
1858 1289 1971 1358 nostri

433 1410 535 1482 ihesu
559 1402 664 1476 Cristi
687 1405 724 1474 in
748 1401 917 1474 suburbio
942 1403 1099 1472 ciuitatis
1123 1405 1243 1472 nostre
1266 1399 1451 1484 Pennanie,
1481 1400 1520 1471 in
1542 1398 1630 1483 loco,
1660 1397 1723 1468 vbi
1738 1397 1867 1488 ipsum
1890 1393 1971 1466 Cor·

435 1535 501 1611 pus
520 1510 737 1584 dominicum
761 1509 975 1581 minuendose
999 1508 1083 1582 olim
1106 1510 1296 1580 inuentum
1311 1526 1392 1578 esse
1406 1505 1637 1596 dignoscitur,
1662 1504 1707 1576 ob
1721 1505 1971 1575 remissionem
2115 1504 2119 1511 '

434 1625 659 1719 peccatorum
690 1622 892 1690 nostrorum
928 1637 971 1688 ac
1009 1619 1123 1688 eciam
1162 1615 1366 1688 inclitarum
1398 1603 1571 1704 He'duigis
1605 1611 1774 1685 defuncte
1807 1615 1844 1684 et
1866 1612 1971 1683 Anne

436 1728 600 1805 moderna
627 1728 843 1816 reginarum,
874 1724 1134 1797 conthoralium
1158 1727 1361 1795 nostrarum
1384 1721 1629 1806 iuudauimus,
1661 1723 1850 1805 ereximus,
1875 1719 1971 1792 dedi-

435 1840 604 1920 cauimus,
627 1839 733 1928 prout
756 1837 793 1906 et
814 1853 910 1906 nunc
933 1831 1139 1919 lundomus,
1164 1833 1346 1921 erigimus
1376 1828 1584 1903 dedicamus
1607 1832 1645 1904 et
1667 1827 1844 1902 dotamus.
1892 1828 1971 1900 Cui·

436 1943 576 2041 quidem
607 1943 766 2028 eeclesia,
801 1943 1026 2026 monasterio,
1057 1943 1165 2032 priori
1199 1943 1234 2012 et
1264 1941 1457 2012 conuentui
1486 1941 1601 2032 ipsius
1631 1958 1695 2030 pro
1724 1937 1906 2010 locaoioue
1936 1941 1974 2008 et

435 2074 515 2129 area
536 2053 684 2146 ipsomm
706 2053 744 2122 in
766 2049 989 2140 longitudino
1020 2048 1145 2121 decem
1173 2051 1210 2120 et
1230 2052 1380 2140 septem,
1408 2051 1447 2120 in
1469 2047 1659 2120 latitudine
1687 2065 1772 2117 vero
1805 2048 1971 2136 quatuor·

436 2164 548 2236 decim
570 2162 695 2250 iugera
717 2161 811 2230 terre
833 2161 871 2230 in
892 2157 970 2230 loco
994 2159 1031 2228 et
1053 2156 1216 2249 planicia
1240 2160 1346 2248 prout
1360 2157 1435 2228 iam
1450 2154 1495 2226 de
1510 2155 1607 2228 iacto
1623 2154 1776 2226 ecclesia
1798 2157 1835 2224 et
1850 2172 1971 2226 mona·
2055 2203 2059 2213 ·

436 2261 582 2362 sterium
611 2267 731 2360 ipsum
762 2265 977 2338 edificantur
1004 2283 1070 2358 per
1098 2263 1300 2357 predictum
1331 2263 1517 2336 dondnum
1545 2265 1755 2357 episcopum
1779 2264 1815 2334 et
1839 2263 1971 2354 capite-

435 2395 541 2452 neum
570 2379 733 2449 nostrum
771 2393 910 2446 necnon
952 2372 1117 2446 eonsules
1149 2371 1305 2444 civitatis
1337 2371 1496 2464 predicte
1525 2370 1779 2444 Ponnonieusis
1802 2368 1850 2440 ad
1873 2389 1971 2442 man·

435 2486 556 2560 datum
577 2487 740 2557 nostmm
769 2486 1006 2566 emensurate,
1038 2479 1283 2554 dimensruate
1312 2483 1348 2551 et
1377 2479 1575 2552 efficaciter
1603 2479 1768 2564 limitata,
1799 2481 1836 2549 et
1858 2497 1971 2550 vnum

434 2591 674 2666 molendinum
698 2610 782 2662 cum
805 2594 956 2681 quatuor
978 2591 1065 2662 rotis
1089 2591 1127 2662 in
1149 2587 1263 2661 fluido
1288 2589 1424 2660 Vortbu
1446 2577 1499 2660 de'
1513 2581 1607 2660 nouo
1624 2584 1905 2660 construendum
1928 2605 1973 2658 ex

435 2702 592 2795 opposito
626 2697 744 2791 allodij
782 2717 848 2770 seu
873 2696 987 2790 prodij
1012 2699 1126 2770 nostri
1155 2697 1353 2786 dictitaret
1386 2694 1483 2782 dicti,
1519 2715 1634 2769 vnum
1658 2697 1785 2767 ortum
1806 2696 1883 2766 vini
1905 2713 1971 2766 seu

435 2811 575 2880 vineam
596 2807 683 2878 olim
706 2805 895 2879 cuiusdam
914 2805 1000 2877 dicti
1034 2803 1155 2878 Stular
1183 2807 1223 2878 in
1250 2803 1356 2878 Noua
1381 2803 1470 2876 villa
1499 2805 1536 2876 et
1565 2801 1656 2876 duos
1685 2804 1883 2895 piscatores
1905 2822 1970 2895 pro

436 2917 646 2989 monasterio
671 2917 707 2986 et
729 2917 910 2986 conuentu
932 2915 1010 3005 ipso
1034 2911 1230 2986 seruandos
1258 2909 1306 2985 nd
1326 2909 1542 3004 piscandum
1563 2931 1629 3004 pro
1651 2931 1721 2982 vsu
1751 2911 1788 2982 et
1816 2912 1970 2982 necessi·

435 3027 506 3096 tate
527 3024 687 3116 ipsomm
714 3021 814 3094 licite
836 3025 873 3094 et
893 3019 1004 3094 iibere
1033 3023 1072 3093 in
1095 3022 1198 3111 aquia
1227 3022 1360 3092 nostris
1381 3018 1531 3092 ubilibet
1560 3021 1656 3090 circe
1687 3018 1844 3091 fluuium
1874 3022 1911 3091 et
1931 3020 1972 3090 in

435 3133 510 3224 ipso
532 3130 646 3203 fluuio
670 3133 815 3226 Vertite,
839 3149 950 3201 unam
971 3147 1113 3219 quoque
1134 3129 1313 3222 piscinam
1336 3147 1399 3220 pro
1422 3147 1492 3199 vsu
1506 3129 1713 3218 monasterii
1731 3131 1826 3198 retro
1849 3127 1971 3219 ipsum

436 3241 689 3312 monesterium
711 3241 750 3310 ln
770 3237 926 3332 planicia
948 3241 985 3309 et
1006 3238 1046 3309 in
1069 3236 1182 3321 alueo,
1213 3239 1276 3326 qui
1297 3233 1459 3328 procedit
1481 3233 1526 3308 de
1548 3235 1663 3308 ilurrio
1690 3237 1826 3308 Verona
1855 3254 1971 3326 nsque

435 3344 480 3418 ad
502 3347 612 3419 nilum
634 3346 790 3419 ilurrium
819 3347 994 3418 minorem
1018 3347 1245 3437 progressius
1267 3363 1394 3416 versus
1424 3341 1605 3435 quendem
1634 3347 1795 3417 montem
1824 3341 1970 3428 ibidem,

437 3471 505 3546 que
524 3457 562 3528 in
590 3459 693 3548 parte
722 3451 935 3528 occidentali
963 3451 1097 3538 flenda,
1126 3451 1376 3536 construenda,
1406 3449 1610 3524 edificanda
1639 3455 1676 3522 et
1705 3449 1972 3542 quomodolibet

436 3561 665 3635 instauranda
699 3582 782 3636 cum
817 3561 983 3635 omnibus
1018 3559 1212 3634 eorundem
1248 3557 1475 3645 utilitatibus,
1509 3557 1687 3644 censibus,
1724 3558 1969 3651 prouentibus,

428 3669 687 3772 'ambuctibus
708 3673 912 3764 piscaturis,
936 3669 1184 3754 emolimentis,
1213 3667 1408 3760 vindemiis
1430 3671 1468 3740 et
1486 3665 1769 3761 obuenoionibus
1790 3669 1971 3740 uniuersis

428 3794 528 3885 ‘nunc
559 3777 793 3852 existentibus
821 3779 881 3852 rel
909 3776 991 3850 iieri
1019 3776 1184 3850 valituris
1218 3774 1482 3868 quomodolibet
1513 3777 1554 3848 in
1588 3775 1764 3860 futurum,
1795 3774 1843 3848 de
1874 3780 1973 3856 certa

436 3889 554 3960 nostm
576 3888 742 3972 sciencia,
773 3886 950 3958 baronum
980 3886 1096 3958 eciam
1117 3887 1322 3957 nostrorum
1349 3881 1525 3956 suadente
1548 3883 1707 3970 consilio,
1737 3887 1912 3978 perpetua
1933 3888 1972 3958 et

436 3990 655 4068 tneuocabili
688 3993 884 4069 donacione
913 3991 1090 4078 dedimus,
1121 3992 1346 4078 donauimus,
1378 3991 1618 4077 attubuimue,
1648 3993 1969 4085 incorporabimus,

437 4103 740 4198 approprinrdmus
755 4107 792 4175 et
807 4121 946 4176 exnunc
961 4101 1100 4187 damus,
1118 4099 1304 4184 donamus,
1321 4101 1556 4184 annectimus,
1581 4099 1822 4187 attribuimus,
1847 4119 1970 4195 appro·

436 4209 602 4300 priamus,
626 4212 905 4305 incorporamus,
929 4210 1147 4284 conterimus
1170 4213 1207 4281 et
1227 4209 1403 4300 largimur
1428 4227 1493 4302 per
1515 4209 1784 4295 monasterium,
1814 4210 1971 4303 priorem

438 4319 472 4388 et
492 4323 708 4394 conuentum
738 4321 816 4390 eiua
845 4317 1025 4412 predictos
1051 4321 1234 4411 perpetue,
1267 4315 1389 4403 iibere,
1420 4313 1573 4416 puciiioe
1594 4315 1762 4402 tenenda,
1793 4315 1970 4404 habenda,

437 4425 659 4516 possidenda,
687 4426 894 4499 rtiiruenda
916 4431 954 4500 et
976 4424 1023 4498 ad
1044 4445 1133 4498 rsus
1164 4424 1407 4518 beneplacitos
1437 4423 1688 4498 conuertenda.
1734 4423 1873 4499 Harum
1895 4427 1971 4518 qui·

437 4525 501 4605 bns
523 4535 682 4626 sigillum
703 4538 867 4607 nostmm
891 4553 1090 4627 appensum
1114 4537 1171 4607 est
1189 4535 1396 4606 testimonio
1418 4532 1628 4606 litterarum
1650 4533 1786 4606 Actum
1800 4531 1972 4608 Craoome

346 4706 351 4714 .
437 4633 492 4713 die
513 4643 661 4718 sabbato
683 4645 844 4736 proximo
875 4647 958 4714 anta
990 4639 1207 4716 dondnicarn
1236 4640 1340 4716 Oculi
1373 4643 1445 4714 mci
1475 4641 1515 4714 in
1549 4639 1842 4732 Quadrngesima,
1876 4661 1970 4716 anno

438 4739 576 4824 Domini
598 4751 789 4824 millesimo
812 4747 1164 4842 quadringentesimo
1186 4753 1298 4822 sexto.
1327 4747 1557 4822 Presentibus
1579 4748 1788 4823 reuereudls
1810 4751 1849 4822 in
1872 4749 1970 4824 Obri-
2039 4775 2046 4790 ·

433 4853 489 4958 bio
511 4858 683 4952 patribus,
718 4857 888 4931 dominis:
917 4855 1063 4932 Nicolao
1090 4878 1248 4952 superna
1270 4860 1393 4950 gracia
1414 4859 1538 4930 saneta
1568 4855 1789 4930 (tremencia
1820 4857 1971 4932 ecclesie

441 4960 712 5060 neueprscopo,
732 4965 837 5040 Petro
860 4965 1108 5039 Cracouienais
1131 4969 1169 5039 et
1189 4963 1335 5038 Alberto
1357 4965 1517 5059 predicto
1544 4963 1798 5038 Ponuaniensis
1821 4967 1972 5040 ecclesia

439 5069 558 5146 endem
581 5077 704 5167 moda
724 5075 958 5148 ecclesiarum
981 5075 1170 5168 episcopis,
1200 5074 1303 5147 nobis
1332 5076 1471 5146 sincere
1501 5069 1652 5158 dilectis,
1683 5093 1823 5146 necnon
1847 5074 1971 5147 nobili·

440 5167 501 5250 bus
523 5185 560 5254 et
580 5185 736 5256 auenuis
756 5185 862 5254 uiris:
908 5182 1065 5256 iohanne
1087 5181 1133 5254 de
1156 5181 1332 5254 naamon
1361 5181 1600 5268 Cracouienei,
1628 5179 1785 5254 iohanne
1815 5181 1972 5273 Liganza

434 5275 664 5377 baneiniensl,
693 5289 797 5364 Petro
819 5289 967 5364 limitba
990 5289 1271 5364 Sandomiriensi
1292 5291 1471 5383 palatinis,
1499 5289 1654 5363 Cristino
1677 5289 1970 5378 Sandomiriansi,

437 5383 602 5472 biichnoie
625 5397 832 5472 bublinensi
855 5397 1059 5472 castellanis
1091 5403 1129 5472 et
1157 5397 1340 5474 Clemente
1362 5397 1408 5472 de
1428 5400 1644 5472 Moeboraow
1674 5399 1869 5474 messano
1895 5399 1970 5474 Wi-
