4668 6352
387 425 460 510 '240

391 623 565 720 wiedeial,
590 653 613 705 a
635 638 731 706 terea
755 633 800 706 do
824 632 960 726 Stulicy
983 629 1213 728 aposlulslriej
1240 629 1391 728 apcluje,
1415 647 1549 726 wzytva
1576 637 1696 728 praeto
1718 625 1848 736 bislrup
1870 649 1927 728 on.

393 741 507 833 cyala,
543 741 614 833 uby
636 741 915 835 przelronawszy
938 744 991 834 sie
1026 761 1046 814 o
1077 741 1343 836 prawdziwosci
1380 742 1513 816 aezuuri
1547 741 1713 828 llarciua,
1751 748 1852 836 tegni
1886 763 1926 836 oq

392 867 547 942 cenaury
569 847 765 946 kosuielnej
790 851 946 924 uwoluil.

557 1064 716 1125 mrum
736 1067 895 1126 consistorii
914 1065 1161 1142 archiepiscopalis
1180 1065 1354 1126 Gneaucnalr
1373 1075 1437 1125 ecta
1453 1068 1521 1124 euni
1542 1068 1622 1126 iilo.
1684 1016 1689 1028 Ι
1713 1047 1717 1053 ’

253 1493 257 1500 ’
394 1501 472 1568 243.
520 1479 620 1570 1414.
645 1497 703 1571 die
726 1503 780 1572 23.
806 1443 1137 1584 menstruosum,
1163 1497 1337 1572 Gncsnue.

290 1813 293 1820 .
557 1711 727 1788 Nicolaus
756 1715 1046 1808 archiepiscopus
1060 1792 1064 1801 ,
1080 1713 1299 1788 Gnusnensis
1331 1713 1477 1786 Nicolao
1510 1713 1637 1786 drawa
1659 1713 1729 1785 civi
1752 1711 1926 1797 Lordcensi

394 1820 529 1936 molam
552 1823 590 1894 in
614 1825 752 1896 Lormce
775 1822 821 1896 ad
843 1823 998 1896 fluvium
1020 1825 1145 1896 Berua
1167 1824 1286 1908 sitem,
1310 1822 1457 1895 conium
1491 1917 1497 1927 ι

557 2037 597 2110 ln
620 2041 778 2136 nornine·
789 2037 936 2112 Domini
959 2057 1075 2112 amen.
1122 2036 1213 2111 Cum
1237 2042 1398 2113 omnium
1427 2037 1561 2110 habere
1583 2039 1792 2109 memoriam
1814 2045 1928 2132 pocius

395 2147 444 2216 sit
474 2144 674 2218 diuinitatis
708 2167 817 2239 quam
849 2147 1096 2233 humanitatis,
1127 2146 1279 2238 ideaque
1309 2167 1378 2238 que
1402 2151 1559 2238 agimtur
1581 2145 1626 2218 ab
1648 2145 1862 2232 huminibus,
1890 2171 1929 2224 ne
2019 2164 2023 2165 *

395 2253 612 2326 obliuionem
635 2253 807 2340 incidant
827 2253 970 2347 expedit
993 2273 1037 2328 ea
1057 2253 1247 2327 hominum
1271 2259 1307 2326 et
1327 2254 1528 2326 litterarum
1550 2255 1754 2326 testimonio
1772 2253 1928 2330 roborari.

395 2359 555 2434 Eatenus
586 2382 653 2434 uus
684 2361 854 2435 Nicolaus
884 2361 951 2435 Dei
981 2361 1107 2454 gracia'
1127 2367 1251 2435 sancte
1282 2361 1501 2436 Gueanensis
1532 2360 1681 2434 ecclesie
1711 2359 1932 2454 archiepisco

304 2491 336 2568 ᾗ
394 2489 475 2562 pus,
500 2463 764 2560 significamus
776 2471 907 2562 quibus
924 2469 1077 2564 expedit,
1100 2471 1291 2555 uniuersis,
1315 2475 1391 2542 tam
1406 2469 1643 2562 presentibus,
1667 2488 1775 2560 quam
1798 2467 1930 2556 futuris.

395 2579 624 2670 presencium
647 2579 819 2650 noticiam
840 2577 1028 2662 habituris,
1053 2577 1149 2670 quod
1172 2579 1357 2670 cupientes
1380 2576 1477 2649 bonu
1507 2580 1643 2666 [mense
1659 2570 1786 2648 'nostre
1809 2577 1931 2652 archie-

394 2684 588 2778 piscopalis
612 2687 651 2756 in
674 2689 774 2774 vous]
800 2685 995 2758 redducere
1019 2687 1194 2772 meliores,
1226 2689 1262 2758 et
1286 2685 1479 2758 molendini
1501 2687 1614 2757 nostri
1643 2683 1872 2772 Louiciemis,
1899 2689 1931 2758 iu

395 2793 510 2864 fluuio
532 2795 678 2864 Brzura
702 2814 744 2865 ex
768 2793 903 2865 direct-o
936 2793 1086 2866 ecclesie
1117 2797 1242 2865 sancte
1268 2793 1379 2866 Merie
1402 2795 1440 2865 in
1464 2813 1511 2864 an
1535 2845 1845 2864 ..........
1868 2795 1931 2879 siti,

397 2899 646 2972 condicionem
670 2900 751 2972 lieri
775 2897 970 2986 meliorem,
995 2899 1157 2972 eiusdem
1181 2899 1377 2972 molendini
1398 2903 1547 2972 terciam
1561 2903 1700 2993 partem
1714 2919 1779 2972 seu
1794 2903 1932 2972 terciam
2012 2967 2014 2972 .

396 3012 587 3080 metretam
621 3009 681 3080 uel
716 3029 923 3081 mensuram
958 3007 1108 3102 prouida
1140 3007 1286 3081 Nicolao
1319 3009 1469 3097 [Mna]
1507 3010 1578 3080 ciui
1612 3012 1732 3080 nostro
1755 3007 1932 3079 Louicensi

396 3116 465 3189 sub
496 3115 783 3188 ratbihabicione
815 3117 1075 3189 venerabilium
1110 3115 1263 3188 fratrum
1304 3121 1508 3188 nostrorum
1546 3115 1691 3208 capituli
1724 3114 1932 3188 (lucanensis

397 3223 625 3296 vendidimus
648 3223 911 3316 vendimusque
942 3227 1076 3314 [tenore
1099 3226 1326 3316 presencium
1354 3223 1555 3312 mediante}
1601 3222 1661 3295 Ad
1689 3221 1932 3314 quamquidem

396 3335 546 3404 terciam
570 3335 710 3424 purtem
735 3331 821 3404 dieti
845 3331 1042 3418 molendini
1064 3333 1135 3425 ipsi
1168 3331 1314 3404 Nicolau
1349 3331 1476 3404 'iream
1512 3331 1679 3403 rubetam
1713 3330 1780 3402 sub
1814 3349 1933 3420 aggere

396 3440 536 3532 piscine
557 3437 681 3532 predlc
705 3493 1088 3512 ............
1113 3439 1270 3511 fluuium
1303 3444 1339 3511 et
1361 3445 1555 3512 torrentem
1586 3438 1722 3511 dictum
1751 3439 1932 3524 semmua

399 3547 444 3618 ab
459 3539 462 3546 '
479 3545 675 3619 educcione
707 3568 806 3649 ,aque
841 3551 880 3619 in
901 3548 996 3638 wlgo
1031 3551 1077 3618 od
1111 3555 1245 3636 epacta
1280 3551 1391 3620 situm
1425 3550 1462 3620 et
1492 3551 1711 3640 protensum.
1746 3565 1809 3638 pru
1842 3548 1934 3638 pratu
2075 3535 2077 3540 ’

397 3653 556 3746 parando
581 3658 617 3727 et
641 3655 863 3748 exltirpando
888 3641 909 3726 .’
923 3710 1134 3728 .......
1159 3657 1308 3727 tercium
1332 3659 1472 3747 purtem
1495 3657 1655 3727 omnium
1672 3659 1708 3726 et
1721 3652 1934 3744 singidonum

398 3762 662 3838 frumentorum
694 3783 736 3834 ac
766 3766 919 3836 tercium
944 3762 1132 3836 denarium
1155 3763 1200 3836 de
1224 3767 1399 3836 mortareo
1429 3762 1524 3834 dictu
1554 3769 1698 3850 stampe
1721 3781 1786 3834 seu
1807 3759 1934 3850 solandi

398 3872 435 3942 in
460 3869 587 3942 eodem
611 3869 828 3958 [molendino
853 3926 1101 3943 ........
1126 3869 1266 3956 damus,
1289 3870 1466 3943 donamus
1487 3875 1523 3942 et
1538 3872 1809 3964 apprupnumus
1825 3871 1936 3938 tenura

398 3981 636 4070 presencium,
673 3977 814 4050 duabus
848 3978 1011 4070 partibus
1047 4000 1113 4051 seu
1147 3978 1286 4051 duobus
1320 3977 1476 4070 denarijs
1509 3999 1572 4070 pro
1607 3978 1709 4050 nubis
1745 3973 1935 4049 abnostris

401 4085 683 4174 [successoribus
714 4088 932 4174 reseruatisl.
979 4087 1054 4158 Huc
1087 4091 1208 4158 tumen
1243 4085 1445 4178 specialiter
1480 4085 1628 4170 adiectu,
1662 4084 1757 4178 quud
1791 4077 1935 4174 quando

399 4214 554 4285 cumque
579 4213 749 4284 aggerem
771 4197 910 4287 piscine
939 4195 1034 4266 circa
1063 4193 1264 4286 predictum
1295 4193 1538 4266 molendinum
1568 4193 1772 4264 reilormari
1795 4186 1937 4262 necessi·

397 4307 455 4372 tus
480 4303 683 4385 occurrerit,
717 4306 805 4373 tuuc
836 4323 901 4394 per
932 4301 1096 4373 homines
1129 4322 1194 4372 nus
1223 4300 1329 4373 debet
1352 4301 1568 4384 inllormari;
1604 4321 1687 4373 cum
1710 4320 1794 4372 veru
1818 4297 1935 4370 domus

399 4411 514 4500 ipsius
539 4408 734 4496 molendini
758 4409 918 4502 paranda
942 4409 987 4482 de
1010 4429 1103 4480 nouo
1126 4409 1246 4494 iecerit,
1271 4413 1400 4480 extunc
1424 4409 1523 4499 ligna
1545 4429 1608 4502 pro
1632 4407 1802 4501 ediilicijs
1826 4421 1936 4476 ncces·

400 4519 497 4588 saria
518 4536 584 4609 per
618 4519 739 4609 ipsum
772 4516 960 4588 Nicolaum
993 4516 1120 4590 'lrnwe
1155 4521 1191 4589 ct
1223 4537 1287 4608 per
1321 4537 1405 4588 suus
1440 4536 1666 4588 successores
1704 4519 1741 4588 in
1774 4515 1874 4588 siluis
1906 4511 1936 4576 el

400 4623 607 4696 nemoribus
632 4625 765 4695 nostris
790 4624 903 4696 excidi
940 4628 977 4696 ct
1009 4627 1124 4716 aptari
1149 4629 1185 4696 et
1207 4645 1271 4717 per
1294 4629 1434 4696 nostrus
1458 4630 1730 4715 nostrorumque
1765 4633 1936 4694 successo·

400 4752 482 4804 rum
514 4731 680 4803 homines
712 4730 842 4803 adduci
867 4737 903 4804 et
926 4732 1073 4804 demum
1104 4731 1312 4804 huiusmodi
1345 4731 1504 4804 ediiliciu
1526 4753 1590 4824 per
1612 4733 1731 4824 ipsum
1762 4727 1936 4802 Nicolaum

400 4837 528 4912 leuna
551 4837 610 4910 uel
634 4857 720 4910 suos
744 4860 972 4911 successores
996 4841 1192 4929 legittimus
1216 4843 1333 4932 parari
1357 4839 1497 4912 debent.
1545 4839 1708 4912 P1·eterea
1737 4859 1800 4932 pro
1823 4827 1938 4927 lepidi·

401 4947 468 5019 bus
508 4947 715 5032 molaribus,
755 4947 973 5020 lenimentis
1010 4953 1044 5019 ei
1080 4947 1162 5040 aliJs
1197 4951 1410 5038 necessarijs
1446 4947 1492 5020 ad
1532 4947 1667 5019 dictum
1703 4942 1936 5018 molendinum

400 5055 659 5148 spectantibus,
684 5074 750 5126 rios
775 5060 811 5128 et
834 5057 947 5127 nostrl
968 5075 1194 5127 successoros
1218 5055 1308 5126 dilus
1333 5061 1451 5147 partes
1475 5075 1540 5127 seu
1564 5055 1653 5128 duos
1673 5055 1846 5136 denarios,
1870 5063 1937 5140 pre·

400 5163 499 5234 latus
522 5182 607 5234 veru
632 5162 802 5234 Nicolaus
827 5163 955 5234 'Prawu
979 5168 1015 5234 ct
1038 5167 1093 5234 sui
1110 5157 1336 5234 srrccessores
1360 5165 1527 5254 legittimi
1551 5166 1697 5234 terciam
1720 5166 1858 5255 partem
1880 5167 1936 5223 seu

399 5273 551 5342 tercium
576 5269 765 5342 denarium
789 5271 874 5344 dare
910 5277 947 5343 ct
979 5291 1152 5364 exponere
1183 5271 1407 5357 terrebuntur,
1443 5270 1530 5343 dum
1566 5279 1601 5343 et
1636 5267 1804 5362 quociens
1839 5259 1937 5338 licerit

398 5385 648 5474 oppurtunum.
697 5379 846 5474 Insuper
869 5383 1039 5470 quociens
1069 5385 1188 5452 nostra
1220 5383 1254 5450 ct
1284 5379 1486 5451 nostrorum
1514 5399 1762 5452 successorum
1786 5376 1844 5449 uel
1865 5385 1934 5464 pre·

2117 706 2180 786 lull
2201 691 2334 776 Nlcul'

2118 816 2208 892 dicio
2244 809 2334 882 mol

2118 927 2230 1013 Quam
2253 917 2329 1008 qui

2118 1029 2280 1124 gulisque
2302 1039 2324 1094 u

2120 1129 2315 1232 spectantib

2120 1240 2298 1324 tenebunt,
2331 1270 2334 1299 ι

2121 1345 2302 1426 donabunt
2331 1376 2334 1407 =

2080 1521 2083 1528 .
2122 1462 2191 1534 tate
2225 1473 2291 1524 seu
2327 1484 2334 1513 ι

2122 1561 2304 1654 euidencla
2326 1592 2331 1625 t

2122 1666 2298 1768 presentia
2329 1699 2334 1727 ³

2122 1771 2201 1876 pos't
2221 1775 2334 1848 resta·

2123 1885 2317 1981 genteslmo

2124 1992 2289 2067 dominis:
2329 2018 2334 2051 ι

2125 2093 2294 2175 lliclmelu¹
2314 2117 2333 2168 s

2126 2211 2222 2282 Petro
2246 2203 2291 2276 de
2330 2216 2334 2233 ¹

2126 2313 2310 2408 proposito,

2062 2527 2334 2602 ..ΗΜ

2128 2637 2275 2720 mensis,
2306 2664 2334 2695 ι·
