4720 6360
1882 482 1948 550 173

427 703 481 775 pus
502 681 685 775 episcopus
709 673 936 766 supradictus
960 679 996 746 et
1019 673 1185 746 dominus
1215 633 1402 768 lanussius
1432 674 1477 748 de
1502 677 1665 748 Krctlroru
1695 675 1764 748 sibl
1796 695 1860 768 per
1889 696 1949 748 me

316 795 320 802 ’
424 794 579 886 notarium
609 779 792 874 publicum
825 781 1101 874 infrascriptum·
1125 783 1343 872 iecer·unt(s)
1379 785 1448 856 sibi
1484 785 1563 854 lieri
1602 801 1714 854 vnum
1742 785 1810 856 'vel
1844 783 1948 877 plura

424 905 582 1012 publicum
600 887 656 960 vel
672 888 817 982 publica
832 891 1109 962 instrumentum
1129 892 1186 961 vel
1202 893 1457 976 iustrumenta;
1483 895 1519 962 et
1542 896 1581 961 vt
1605 894 1740 964 cercior
1755 891 1848 963 lides
1870 911 1947 984 pre·

424 1010 524 1096 missis
558 997 792 1082 exhiberetur,
830 995 1012 1088 predictus
1052 999 1269 1096 reuerendus
1306 1002 1351 1070 ln·
1382 1000 1522 1071 Christo
1564 1004 1665 1091 pater
1704 1003 1741 1071 et
1779 998 1947 1070 domiuus

314 1155 317 1162 ·
423 1110 577 1204 ,rmoldus
612 1105 801 1196 episcopus
836 1105 1047 1190 Culmensis,
1084 1104 1201 1176 dictus
1234 1105 1402 1178 dominus
1426 1106 1642 1178 Wilhelmus
1675 1107 1881 1196 Rosenborg
1912 1113 1949 1178 ct

421 1225 566 1306 dominus
587 1213 771 1284 Ianussius
795 1210 840 1283 de
864 1213 1020 1284 Orotlroro
1043 1213 1162 1302 sigilla
1185 1235 1252 1286 suo
1274 1235 1338 1306 per
1362 1235 1420 1286 me
1442 1217 1623 1286 noterium
1647 1215 1832 1307 pubiicum
1858 1215 1948 1286 iece-

422 1337 489 1415 mnt
510 1318 716 1418 appendere.
763 1321 857 1392 Acta
879 1325 964 1392 sunt
981 1321 1049 1391 hec
1072 1341 1176 1406 anno,
1201 1321 1410 1408 indiccione,
1435 1342 1570 1408 mense,
1595 1321 1664 1407 die,
1689 1322 1786 1407 hora,
1810 1323 1888 1394 loco
1912 1325 1949 1393 et

422 1432 611 1544 pontificatu
641 1425 770 1516 quibus
806 1447 924 1519 supra.
972 1427 1200 1500 Prosentibus
1234 1428 1368 1500 ibidem
1398 1429 1663 1502 venerabilibus
1700 1435 1737 1501 et
1771 1429 1948 1520 religiosis
1980 1525 1981 1530 Ν
2072 1479 2075 1486 .

422 1549 501 1626 fuis,
523 1537 689 1610 dominis:
716 1537 886 1626 magistro
910 1535 1055 1608 Nicolao
1080 1536 1198 1623 Girko,
1222 1538 1356 1610 vicario
1380 1537 1516 1608 domini
1540 1541 1700 1630 episcopi
1714 1540 1949 1631 suprascripti

422 1667 449 1732 rt
468 1648 615 1724 iohanne
638 1641 948 1715 Scheurrenworst
970 1643 1170 1728 scolastico,
1196 1647 1378 1716 canonicis
1403 1645 1553 1717 ecclesie
1570 1645 1784 1730 dulmensis
1809 1665 1949 1718 necnon

421 1773 449 1836 rt
468 1755 613 1830 iohanne
636 1749 787 1842 plebano
811 1752 848 1822 in
872 1753 1054 1824 Lluoonia
1077 1757 1113 1822 et
1135 1751 1261 1824 Iacobo
1287 1751 1424 1842 During
1446 1757 1584 1825 noterio
1607 1753 1760 1845 publico,
1785 1752 1948 1826 Culmen·

423 1874 464 1941 sis
484 1867 518 1936 et
538 1855 848 1931 ruadlslauicnsis
884 1859 1047 1948 dyocesis
1081 1859 1228 1944 clericis,
1267 1859 1420 1932 testibus
1452 1859 1647 1950 iidedignis
1683 1859 1729 1932 ad
1760 1863 1947 1953 premissa,

423 1970 540 2048 vocatis
562 1965 764 2058 specialiter
786 1969 823 2037 et
844 1967 989 2056 rogatis.

422 2087 459 2224 S
495 2081 550 2214 Ν
682 2071 728 2144 Et
751 2092 817 2165 ego
840 2073 989 2146 lacobus
1014 2073 1214 2147 Soboneaes
1231 2073 1276 2146 de
1290 2077 1439 2161 Sweczo,
1465 2077 1615 2149 clericus
1635 2075 1949 2150 Wladislauiensis

417 2222 423 2232 ·
461 2193 473 2218 ·
552 2187 565 2214 ·
616 2179 790 2272 dyocesis
824 2181 990 2274 publicus
1014 2183 1190 2274 imperiali
1227 2185 1439 2256 auctoritate
1462 2187 1634 2268 notarius,
1670 2186 1755 2275 qula
1790 2184 1949 2276 predicte

616 2289 705 2359 ciste
730 2291 943 2381 appercioni,
968 2289 1209 2362 clenodiorum
1225 2291 1438 2364 exhibicioni
1455 2295 1563 2383 atquc
1582 2312 1626 2364 ao
1645 2290 1797 2385 predicti
1812 2290 1949 2364 domini

616 2395 812 2486 Wplbelmi
835 2399 1075 2486 recoguicioni
1106 2405 1142 2470 et
1171 2400 1411 2488 requisicioni,
1442 2419 1581 2471 necnon
1614 2399 1781 2471 omnibus
1813 2403 1849 2470 et
1877 2400 1948 2472 sin·

615 2503 711 2592 gulis
734 2507 997 2596 suprascriptis,
1023 2504 1110 2576 dum
1134 2507 1196 2590 sic,
1219 2510 1260 2576 vt
1274 2507 1502 2598 premittitur,
1533 2505 1663 2578 tierent
1683 2511 1723 2578 et
1745 2511 1948 2597 agerentur,

614 2629 772 2684 vnacum
794 2613 1052 2704 prenominatis
1076 2613 1228 2686 testibus
1260 2633 1408 2706 presens
1439 2613 1597 2698 interlui,
1632 2635 1745 2706 eaque
1768 2616 1889 2688 omniu
1912 2619 1949 2686 et

615 2719 758 2808 singula
789 2721 842 2790 sic
872 2719 952 2791 lieri
981 2719 1056 2792 vidi
1087 2726 1123 2792 et
1154 2721 1287 2806 audiui,
1322 2721 1402 2792 ideo
1437 2720 1484 2792 ud
1514 2723 1789 2821 requisicionem
1812 2721 1948 2794 domini

616 2827 785 2918 episcopi,
810 2824 945 2899 domini
968 2827 1153 2900 Wilheimi
1177 2833 1214 2902 et
1236 2827 1373 2901 domini
1402 2827 1571 2902 iohannis
1595 2829 1648 2917 ¹de
1677 2831 1840 2900 Kretlcow
1871 2849 1948 2922 pre·
2012 2836 2014 2840 ’

615 2935 891 3018 nominatorum,
928 2935 995 3006 hoc
1026 2956 1174 3028 presens
1210 2937 1396 3029 publicum
1427 2939 1708 3009 instrumentum
1739 2957 1804 3030 per
1836 2937 1947 3009 alium

615 3037 773 3126 fidelem,
808 3061 867 3112 me
890 3043 971 3134 alijs
995 3051 1168 3136 occupato
1202 3047 1365 3142 negocijs
1393 3043 1550 3117 iideliter
1582 3045 1767 3138 scriptum,
1803 3045 1861 3116 hic
1889 3065 1948 3117 me

420 3167 513 3218 mauu
535 3149 675 3239 propria
701 3147 909 3242 subscripsi,
939 3151 1120 3242 publicani
1144 3157 1180 3223 et
1201 3153 1379 3246 premissa
1400 3153 1440 3222 in
1468 3150 1563 3224 bane
1585 3151 1769 3248 publicam
1793 3151 1947 3225 sormam

420 3251 535 3344 redegi,
563 3257 736 3347 signoque
765 3261 802 3328 et
824 3259 967 3330 nomine
1004 3261 1094 3331 meis
1125 3259 1239 3332 solitis
1270 3265 1306 3332 et
1321 3267 1324 3274 '
1338 3262 1519 3331 consuetis
1542 3279 1700 3332 vnacum
1730 3262 1948 3358 appensione

419 3360 598 3449 sigillorum
627 3361 914 3456 supradictorum
937 3365 1162 3439 dominorum
1186 3367 1407 3456 consignari,
1442 3369 1590 3456 rogatus
1614 3371 1651 3440 et
1682 3368 1876 3460 requisitus
1908 3369 1948 3441 in

419 3465 523 3578 idem.
537 3475 572 3542 et
593 3474 839 3546 testimonium
862 3476 1023 3547 omnium
1047 3479 1083 3546 et
1105 3475 1329 3576 singulorum
1352 3477 1620 3568 premissorum.
1666 3485 1673 3497 '

562 3665 729 3726 Dokument
755 3671 975 3744 pargminorry,
1001 3670 1202 3746 przecborrany
1220 3689 1246 3728 rr
1264 3671 1429 3730 Arelliorum
1454 3671 1585 3746 kopituly
1612 3671 1849 3746 metropolitalnei
1868 3675 1948 3747 guia·

418 3751 555 3826 miedsklci
573 3757 623 3829 (N.
641 3758 717 3832 319),
734 3765 889 3834 opatuony
907 3759 957 3833 byl
974 3761 1137 3834 pierrrotnie
1161 3767 1267 3818 trrema
1285 3762 1472 3836 pieczeciarui,
1500 3779 1538 3818 ua
1556 3759 1683 3836 paakacb
1701 3762 1947 3848 pergamiuorrycb

419 3841 605 3914 trimani,
622 3865 638 3904 a
657 3847 935 3923 ktorycbpierrrsrei
954 3849 1026 3907 brak
1044 3850 1174 3924 rupelny,
1192 3849 1265 3908 drrie
1283 3849 1385 3924 drugie
1404 3850 1560 3925 rrrlupane.
1979 3885 1987 3896 ·

173 4225 204 4366 Ξ
273 4309 276 4314 .
422 4253 484 4324 lto.
529 4263 624 4332 1410.
649 4259 707 4360 die
731 4267 783 4333 12.
807 4265 943 4335 mensis
965 4263 1188 4350 Novembris,
1212 4264 1419 4365 Posnaniae.

29 4409 96 4502 odjs
114 4417 201 4486 ilurui

29 4535 52 4586 rs
70 4520 200 4592 domium

38 4643 68 4696 ac
86 4627 199 4698 domino

29 4749 61 4802 uo
78 4733 198 4806 tonse

29 5263 192 5336 lucterius

29 5387 72 5441 lus
94 5369 190 5446 Amul·

562 4455 731 4531 Nicolaus
764 4464 801 4531 et
826 4459 976 4532 Iacobus
1014 4460 1058 4532 de
1095 4463 1224 4545 Gdrlco,
1264 4443 1402 4534 necnon
1437 4460 1665 4550 Margaretha
1699 4467 1735 4533 et
1765 4463 1873 4535 Anna
1902 4463 1948 4536 'de

418 4555 701 4743 gdgwffitaltare
723 4565 775 4638 ad
792 4588 821 4638 s.
845 4565 1085 4640 Venceslaum
1107 4571 1146 4640 in
1162 4569 1314 4642 ecclesia
1328 4567 1523 4641 cathedrali
1547 4567 1782 4642 Posnaniensi
1805 4572 1947 4663 erigunt

488 4683 508 4738 0
585 4727 593 4743 ι
838 4686 840 4693 .
1802 4695 1805 4702 Δ
1838 4707 1844 4720 .

489 4889 498 4910 ·
562 4869 601 4942 R.
647 4871 816 4947 Nicolaus
847 4874 1079 4946 cancellarius
1109 4874 1362 4948 Posnauieusis
1391 4877 1427 4946 et
1448 4873 1597 4946 Iacobus
1622 4875 1750 4946 iratres
1773 4877 1946 4966 germani,

381 5071 385 5078 ι
419 4956 552 5046 heredes
573 4976 618 5050 de
641 4981 770 5066 Geram
802 5001 941 5054 necnon
967 4981 1195 5072 Margaretba
1218 4987 1254 5056 et
1275 4985 1383 5054 Anna
1406 4981 1450 5054 de
1474 4984 1678 5071 Gploupecz
1699 4983 1836 5069 Minori,
1866 4983 1946 5058 iun·

418 5063 494 5164 op,
519 5101 554 5153 rr
580 5085 737 5160 losciele
767 5089 1019 5180 katedralnpm
1048 5091 1283 5182 poenarislrim
1313 5111 1347 5160 rr
1377 5087 1521 5182 kapltcy
1543 5094 1586 5161 irr
1610 5093 1751 5162 ondita
1774 5110 1819 5183 po
1843 5091 1944 5185 leuel

419 5181 538 5260 ⁸ltttulo
557 5193 638 5282 idco
662 5193 707 5267 do
726 5197 919 5288 zakrystyi,
943 5197 1053 5270 ultam
1070 5219 1117 5270 na
1132 5201 1233 5270 creso
1256 5201 1320 5270 ew.
1344 5197 1556 5270 Woclarrai
1575 5197 1777 5290 Zygmunta
1790 5217 1947 5288 mecaen-

419 5282 525 5365 likdrr
544 5317 625 5374 orae
651 5302 846 5388 Leonarda,
876 5304 990 5395 Marri
1012 5305 1225 5398 Mugduleny
1255 5307 1267 5377 i
1298 5306 1444 5396 Doroty.
1491 5303 1545 5376 Na
1568 5308 1790 5397 utmymanie
1815 5307 1948 5379 ultuma

421 5383 633 5502 ¹⁰stmysty
655 5413 907 5505 praenunciata
922 5411 1181 5487 tundaturowie
1206 5419 1246 5486 11
1264 5416 1444 5508 graywien
1468 5419 1613 5506 monety
1627 5412 1792 5511 polslriej,
1816 5419 1853 5488 to
1871 5417 1947 5513 lest
