4668 6352
413 648 479 728 pro.
524 617 704 706 ursule
727 631 759 700 o.
784 626 918 700 mensis
941 624 1085 719 Aprilis,
1107 585 1316 724 l‘osnanias.

559 841 756 916 Blisborius
779 843 1003 936 praepositus
1027 839 1263 926 Calissiensis,
1287 843 1481 941 canonicus
1506 841 1724 914 Gncsnensis
1748 844 1785 912 ot
1806 839 1935 910 Posna·

413 957 533 1047 niensis
555 951 657 1040 rogat
679 949 866 1021 Nicolaum
890 949 1108 1022 Stressconis
1138 951 1312 1022 vicarium
1343 951 1380 1022 in
1411 949 1657 1042 spiritualibus
1682 953 1719 1020 et
1741 947 1936 1019 oiiicialem

412 1058 669 1152 (teanensem,
685 1060 727 1129 ut
759 1057 859 1128 litem
883 1059 976 1128 inter
997 1055 1165 1128 loannem
1198 1056 1242 1129 de
1278 1058 1467 1141 czar-etius,
1499 1056 1668 1128 heredem
1692 1056 1737 1128 de
1759 1057 1936 1144 spezano

412 1188 443 1258 ,e
462 1169 648 1268 plebanum
672 1163 717 1235 de
740 1165 899 1250 Golpbtm
922 1165 1105 1268 agitatam,
1139 1162 1184 1237 ad
1215 1163 1410 1237 adventum
1434 1164 1692 1257 archiepiscopi
1717 1163 1935 1237 Gnesnensis

412 1293 444 1364 et
462 1265 614 1373 episcopi
637 1271 889 1346 Posnaniensis
911 1276 1086 1365 proroget.

560 1484 714 1548 samsom
732 1485 890 1547 consistorii
909 1485 1155 1564 archiepiscopalis
1173 1487 1354 1556 Gnesnensir,
1372 1493 1437 1544 aeta
1454 1505 1480 1548 a.
1500 1488 1578 1546 rito.

412 1949 479 2022 tib.
526 1943 621 2012 ldlb.
646 1938 704 2010 die
726 1944 758 2010 4.
783 1939 918 2010 mensis
940 1939 1042 2023 lunii,
1066 1937 1267 2012 Gracovlae.

420 2123 427 2134 ¹
560 2153 744 2247 llospitale
768 2151 1004 2226 Cracoviense
1028 2151 1073 2226 ed
1096 2175 1124 2226 a.
1149 2153 1322 2247 Spiritum
1346 2153 1521 2226 Thomam
1550 2153 1597 2226 de
1627 2153 1750 2244 Dpaco
1774 2172 1938 2246 procura·

412 2273 512 2342 torem
534 2281 641 2335 suum
664 2264 857 2334 constituit.

562 2457 736 2531 Nouerint
766 2461 935 2544 uniuersi,
971 2459 1101 2550 qulbus
1136 2458 1288 2552 expedit,
1321 2457 1417 2549 quod
1455 2478 1520 2532 nos
1551 2457 1721 2531 Nicolaus
1757 2459 1938 2548 magister,

415 2567 611 2644 Dondnicus
634 2567 739 2658 prior,
762 2565 937 2640 lohannes
960 2569 1191 2649 sacristanus,
1220 2565 1390 2638 Nicolaus
1413 2570 1630 2660 procurator,
1653 2563 1808 2638 llathias
1831 2565 1939 2638 claui·

412 2697 477 2770 per,
505 2673 672 2748 Nicolaus
696 2673 900 2760 decimator,
929 2673 1105 2747 lohannes
1130 2678 1262 2759 cantor,
1287 2671 1541 2764 sigismundus
1557 2672 1782 2766 dispensator
1805 2670 1939 2744 allidio
2012 2768 2015 2774 Ι

412 2786 543 2870 mm(s),
577 2781 709 2854 Paulus
744 2783 936 2872 organista,
971 2782 1153 2854 Mutamus
1188 2781 1444 2873 'subdyaconus
1477 2785 1511 2852 et
1544 2780 1715 2854 Nicotaus
1749 2782 1939 2865 intonetor,

413 2893 567 2980 totosque
594 2893 793 2961 masenius
825 2891 1031 2982 monasteri]
1068 2893 1105 2962 et
1136 2887 1323 2982 hospitalis
1356 2883 1472 2962 sancti
1507 2888 1661 2980 Spiritus
1695 2890 1733 2961 in
1768 2886 1940 2960 Gracouia

417 2997 570 3082 lecimus,
608 2998 862 3070 constituimus
897 2999 934 3068 et
962 3001 1069 3090 prout
1099 2996 1228 3069 melius
1248 2999 1455 3091 potuimus,
1493 2996 1740 3069 ordinauimus
1777 2999 1941 3068 nostrum

416 3123 532 3178 remm
553 3109 590 3176 et
611 3105 830 3196 legittimum
851 3109 1127 3198 procuratorem,
1157 3109 1325 3194 notorem,
1356 3103 1529 3176 factorem
1552 3106 1782 3196 negociorum
1805 3107 1941 3176 nostro·

412 3231 483 3284 mm
514 3217 551 3288 et
581 3214 773 3285 nunccium
809 3212 1002 3306 specialem
1036 3210 1281 3285 honorabilem
1312 3213 1444 3290 virum¹
1465 3205 1651 3284 dominum
1686 3209 1861 3283 'rhomam
1895 3209 1941 3282 de

400 3317 523 3409 ,Draco
544 3321 583 3391 in
605 3319 771 3392 omnibus
807 3323 939 3392 nostris
972 3321 1105 3406 causis,
1140 3339 1230 3412 quas
1262 3318 1439 3393 habemus
1472 3319 1531 3392 uel
1565 3317 1723 3424 habituri
1753 3337 1879 3390 sumus
1901 3319 1941 3390 ln

411 3445 625 3520 quocumque
647 3425 779 3500 ludlcio
801 3428 859 3500 val
893 3446 1013 3500 coram
1044 3446 1269 3518 quocumque
1298 3426 1418 3500 iudice
1447 3425 1624 3520 spirituali
1646 3427 1706 3498 uel
1729 3425 1882 3498 seculari
1905 3429 1942 3498 et

411 3536 587 3623 presertim
611 3588 823 3606 .......
846 3535 1026 3626 generalis
1056 3533 1347 3608 constanciensis
1376 3535 1436 3607 uel
1457 3533 1519 3607 vbi
1543 3532 1724 3606 auditores
1750 3553 1941 3606 causarum

412 3641 674 3730 apostolicarum
697 3641 935 3716 residouciam
957 3642 1148 3715 habuerint
1169 3641 1229 3715 uel
1251 3630 1387 3714 luerint
1399 3641 1614 3714 iudicialiter
1637 3643 1832 3725 constituti
1855 3640 1941 3713 dan·

411 3747 458 3818 tes
479 3751 515 3819 at
536 3748 772 3822 concedentes
786 3749 912 3822 eidem
941 3755 1062 3822 nostro
1085 3751 1316 3843 procuratori,
1351 3749 1495 3822 domino
1524 3739 1660 3820 Thome
1682 3747 1841 3841 predicto
1868 3748 1941 3842 ple·
1975 3817 1982 3828 .

412 3869 489 3926 num
516 3856 726 3930 mandatum
762 3861 798 3928 et
831 3855 1075 3930 omnimodam
1108 3860 1325 3950 potestatem
1358 3853 1405 3930 ad
1439 3855 1631 3950 agendum,
1665 3854 1940 3942 detendendum,

411 3963 661 4054 opponendum,
695 3966 845 4038 crimina
869 3969 906 4037 st
943 3963 1105 4037 delectus
1144 3963 1373 4037 obiciendum
1409 3969 1446 4036 et
1490 3962 1756 4056 quomodolibet
1793 3963 1940 4037 obiectis

411 4069 726 4157 contradicendum,
760 4072 871 4144 alium
898 4071 958 4144 uel
982 4072 1071 4144 allos
1099 4076 1366 4166 procuratorem
1398 4091 1462 4144 seu
1497 4073 1745 4164 procuratores
1774 4071 1851 4144 loco
1883 4073 1941 4144 sui

268 4209 272 4218 ·
411 4172 692 4252 substituendum
714 4199 758 4252 ac
781 4178 1025 4252 reuocandum
1055 4183 1092 4252 et
1119 4181 1251 4252 iterum
1280 4199 1373 4252 onus
1402 4180 1635 4273 procuratori]
1667 4179 1706 4252 in
1720 4267 1723 4274 1
1736 4198 1775 4251 se
1802 4199 1941 4252 reassu-

413 4283 571 4358 mendum
593 4287 740 4372 tociens,
765 4289 935 4378 quociens
963 4287 1073 4360 luerit
1095 4291 1344 4382 opportunum,
1376 4281 1413 4359 e't
1435 4285 1555 4359 omnia
1578 4307 1622 4359 ac
1645 4287 1789 4376 singola
1810 4287 1942 4361 iacien-

411 4383 499 4476 dum,
532 4396 700 4486 quereri
733 4399 770 4466 et
801 4393 970 4486 legittimi
997 4400 1244 4489 procuratores
1277 4393 1418 4468 iaciunt
1449 4395 1486 4466 et
1514 4393 1634 4466 iacere
1667 4397 1940 4480 consuaserunt,

413 4497 479 4568 arsi
500 4507 693 4593 presentes.
707 4521 845 4580 omnes,
858 4522 1021 4576 essemus
1050 4505 1205 4596 propriis
1234 4505 1274 4574 in
1296 4503 1470 4597 personis,
1500 4503 1616 4574 eclam
1646 4501 1678 4574 sl
1702 4522 1813 4576 causo
1835 4507 1941 4588 esset,

410 4615 473 4690 que
499 4607 708 4682 mandatum
739 4613 888 4701 exigerit
917 4610 1083 4704 speciale,
1117 4613 1369 4704 promittentes
1377 4613 1424 4698 (s)
1457 4608 1633 4700 quidquid
1653 4631 1719 4703 per
1740 4609 1942 4705 predictum

411 4715 562 4788 nostrum
584 4721 850 4810 procuratorem
873 4717 932 4790 uel
955 4737 1062 4790 suum
1083 4717 1320 4790 substitutum
1334 4737 1401 4811 seu
1414 4715 1627 4790 substitutos
1647 4721 1779 4804 actum,
1803 4719 1942 4792 iactum
2098 4785 2102 4794 .

410 4815 462 4887 uel
483 4821 684 4898 ordinatum
707 4825 825 4908 luerit,
849 4830 979 4910 ratum,
1003 4830 1148 4916 gratum
1172 4831 1281 4918 atque
1302 4825 1451 4898 iirmum
1465 4823 1718 4898 inviolabiliter
1740 4825 1942 4913 obseruare,

372 4973 377 4981 ·
409 4919 471 4994 ωδ
492 4932 651 5004 omnium
674 4932 848 5005 bonorum
871 4936 1074 5006 nostrorum
1096 4937 1258 5026 ppotaca
1304 4933 1346 5005 ln
1368 4933 1471 5004 cuius
1486 4934 1539 5004 rei
1558 4935 1805 5006 testimonium
1824 4935 1944 5026 sigillo

345 5079 349 5085 -
411 5035 629 5123 manerem
652 5060 695 5112 ac
718 5043 968 5130 conuentosts)
985 5045 1203 5118 ‚nostrorum
1224 5040 1452 5134 presentibus
1485 5044 1571 5112 sunt
1594 5061 1763 5133 appenso.
1808 5042 1943 5116 Actum

410 5135 443 5204 ol
475 5139 597 5219 datum
631 5149 669 5219 ln
701 5151 917 5221 monastario
952 5152 1073 5221 nostro
1103 5148 1273 5242 predicto,
1308 5168 1401 5221 enno
1433 5147 1578 5220 Domini
1613 5147 1665 5220 Μο
1694 5147 1822 5222 0000ο
1847 5149 1943 5236 XV0,

411 5235 492 5318 lerla
511 5251 577 5324 llla
599 5255 694 5326 intra
716 5260 863 5328 octauas
886 5255 1051 5350 Corporis
1081 5255 1197 5330 Cristi
1245 5257 1474 5329 Prosentibus
1504 5255 1772 5330 honorabilibus
1804 5263 1840 5330 et
1871 5259 1943 5333 dis·

410 5354 507 5432 eretis
529 5361 1019 5456 mahumedanorum
1041 5363 1215 5438 Michaale
1245 5369 1382 5437 rectore
1412 5364 1605 5437 scolarium
1635 5365 1785 5438 ecclesie
1818 5373 1944 5440 sancte

1567 5531 1575 5543 .
1727 5492 1778 5551 31·
