4734 6356
11 4975 193 5058 vm,

11 5083 193 5155 feditatis

11 5193 191 5272 notantis,

11 5301 62 5368 rie
87 5301 190 5388 cupi·

11 5405 102 5476 utba
142 5405 192 5474 de

1813 481 2009 552 '27

464 689 650 772 Cirlopowo
673 681 913 774 subpincerna
935 679 1179 763 Poenanionsi,
1210 678 1357 750 Nicoluo'
1385 679 1430 750 de
1453 681 1668 751 Gorczdoroo
1698 680 1869 772 pincerna
1902 676 2012 750 Colis·

464 793 583 874 sionei,
619 787 766 862 Andreo
798 787 843 860 de
878 791 1102 872 Gorazdoroo,
1128 791 1301 877 tanquam
1338 807 1360 858 a
1395 779 1577 858 nominato
1613 789 1799 878 capitaneo
1833 784 2013 858 iudicibus

465 899 671 988 designatis,
695 897 788 968 inter
811 895 993 968 Androom
1018 898 1229 988 episcopum
1252 893 1532 967 Posnoniensem
1548 899 1584 966 et
1598 913 1811 984 generosam
1826 893 2012 966 Luchnonr

462 1011 505 1084 de
527 1008 731 1094 Ptoliazpco
754 1011 862 1086 mota,
887 1003 1054 1096 episcopo
1078 1009 1115 1074 et
1138 1003 1288 1074 ecclesie
1310 1001 1544 1074 Posnuniensi
1568 1003 1637 1074 sub
1662 1007 1784 1074 actum
1807 1004 1846 1074 in
1868 1005 2012 1091 Ppcdrp
2078 1039 2082 1046 ·

462 1119 550 1193 ieris
583 1117 685 1184 sextu
720 1119 805 1184 ante
838 1113 971 1184 testum
999 1133 1027 1182 s.
1052 1109 1237 1200 lieduigis,
1275 1129 1368 1182 enno
1408 1115 1495 1182 1402
1532 1109 1746 1196 adiudicote,
1780 1109 1954 1202 approbat
1976 1115 2013 1181 et

461 1221 625 1300 retiiiout.
673 1219 807 1292 Datum
833 1219 974 1294 Gnesnc
997 1221 1075 1310 ipso
1105 1217 1162 1290 die
1187 1219 1454 1290 'lronslucionis
1483 1221 1599 1292 sancti
1623 1217 1808 1290 Adalborti
1832 1219 2011 1309 martyris,

462 1337 500 1406 in
537 1328 642 1400 domo
681 1326 972 1400 reuerendissimi
1010 1328 1123 1420 patris
1162 1326 1298 1400 Nicolai
1343 1325 1602 1420 archiepiscopi
1647 1326 1878 1413 Gnesnensis
1918 1345 2012 1400 anno

465 1435 1027 1528 millesimoquadringentesimo
1051 1434 1219 1516 secundo.
1279 1529 1284 1536 ¹
1309 1505 1312 1512 ,

623 1649 703 1710 Τὼ
722 1651 935 1710 Naruszerriozs
953 1651 989 1709 10
1007 1650 1045 1711 N.
1064 1653 1110 1721 41,
1128 1667 1144 1708 ι
1163 1666 1345 1724 sumaryusza
1363 1603 1495 1725 kapitulp
1515 1647 1690 1722 ketedrnlnej
1712 1649 1904 1726 poznaisliei.

623 1849 646 1920 ι)
670 1848 889 1921 Oluuirboporoo.
925 1847 999 1922 lizy
1022 1849 1089 1906 mio
1107 1847 1145 1920 tei
1164 1864 1262 1920 narn
1280 1847 1393 1918 istnieja
1412 1866 1438 1905 rr
1457 1848 1589 1922 porriecie
1610 1845 1809 1917 malicum,
1827 1845 1865 1905 do
1883 1845 2013 1922 ktdrejby

461 1943 500 2012 rie
518 1959 534 1998 r
551 1937 618 1996 nich
638 1955 706 1996 nass
715 1944 808 2011 regest
825 1935 945 2006 odnosil,
963 1937 1162 2012 rocstrzygngc'
1181 1937 1228 1995 nie
1247 1939 1381 2011 umierny.
1418 1937 1498 1995 blote
1517 1944 1564 1996 ten
1575 1943 1668 2012 regest
1685 1936 1785 1996 odnord
1803 1937 1844 2007 sie
1862 1935 1900 1995 do
1917 1935 2011 2008 jodoci

461 2029 542 2090 crisi
565 2027 749 2096 Cimoliam,
769 2028 889 2100 ktdryolr
906 2028 962 2098 ieet
974 2035 1068 2102 ortsry
1086 2047 1111 2086 v
1129 2028 1262 2102 perrieeie
1274 2025 1504 2097 odoienouskirn,
1523 2027 1684 2086 amatodo
1702 2027 1875 2096 tibiuram,
1894 2027 2013 2086 obecnie

462 2117 660 2198 pmdnrieicis
679 2117 782 2176 nimia
800 2119 954 2188 Poznsnia,
973 2117 1053 2178 ktore
1066 2117 1108 2188 sie
1126 2116 1232 2192 uiegdy
1249 2117 1446 2194 nievqtplirrie
1470 2117 1690 2177 umbrorum
1707 2116 1783 2176 cusi
1799 2117 1930 2176 musitio.

463 2627 518 2696 ao.
569 2625 669 2694 1402.
696 2620 754 2693 die
778 2625 831 2694 13.
856 2623 992 2694 mensis
1015 2619 1235 2707 Decembris,
1258 2621 1297 2694 ln
1319 2621 1411 2710 rao.
1524 2578 1531 2590 ι
1598 2581 1603 2591 ’

625 2835 804 2930 Gerurdus
829 2836 939 2909 obbas
963 2838 1172 2910 monasterii
1194 2835 1394 2910 Laudensis
1419 2834 1562 2910 cuidam
1585 2836 1742 2910 blathiue
1765 2835 1860 2910 dicto
1880 2835 2014 2910 Sertori

463 2944 668 3019 scultetiam
690 2947 729 3017 ln
750 2944 837 3016 uilla
859 2947 1047 3017 Moicwioi
1066 2943 1095 3016 L
1118 2947 1249 3016 marcis
1271 2941 1405 3017 rendit

624 3177 683 3250 Ad
706 3181 918 3271 perpetuom
940 3179 993 3277 rei
1017 3179 1238 3250 memoriam.
1262 3177 1336 3251 Nos
1358 3177 1470 3252 irater
1493 3177 1672 3253 Gerardus
1687 3178 1798 3252 abbas
1821 3181 1860 3250 in
1882 3181 2016 3252 canoa

465 3290 633 3379 totusque
656 3290 855 3358 conuentus
878 3284 1011 3357 ibidem
1035 3284 1170 3358 ordinis
1187 3284 1443 3372 cisterciensis,
1468 3287 1686 3362 Gneunonsls
1702 3286 1865 3373 diocesis,
1889 3292 2015 3360 notum

469 3393 622 3466 facimus
646 3397 723 3466 tum
745 3393 982 3486 presentibus,
1016 3413 1125 3485 quam
1148 3393 1290 3479 suturis,
1325 3413 1473 3488 presens
1503 3396 1679 3488 scriptum
1710 3397 1926 3488 inspecturis
1949 3414 2016 3467 seu

467 3500 650 3588 audituris,
676 3500 771 3592 quod
800 3521 866 3574 nos
898 3521 998 3573 mera
1028 3500 1288 3574 deliberacione
1318 3495 1515 3594 prehablt'a,
1538 3501 1768 3588 vendidimus
1793 3509 1830 3574 et
1850 3522 1916 3596 per
1936 3523 2014 3596 pre·

467 3614 585 3682 sentes
617 3607 808 3682 vendimus
844 3607 994 3682 honesto
1025 3611 1103 3681 viro
1138 3608 1272 3682 Mathia
1306 3609 1402 3682 dicto
1433 3609 1567 3682 Sertori
1599 3610 1809 3682 scultociam
1842 3614 2014 3696 nostrum,

470 3717 605 3789 scillcet
628 3716 724 3808 duos
748 3736 892 3789 mensos
916 3719 954 3788 ln
976 3722 1101 3789 nostra
1122 3715 1320 3789 hereditate
1347 3719 1449 3790 Maio
1470 3718 1607 3804 uilla1),
1637 3717 1862 3797 indistricta
1884 3717 2016 3810 Dyrao·

468 3825 584 3896 uiensi
605 3826 686 3910 sita,
714 3843 778 3917 pro
802 3826 1064 3915 quinquaginta
1093 3825 1225 3897 marcis
1251 3823 1502 3898 Prusiensibus
1532 3823 1699 3898 videlicet
1728 3845 1935 3916 grossorum
1953 3828 2016 3928 vel

468 3932 610 4004 maioris
634 3937 787 4017 monete,
810 3951 874 4024 pro
898 3951 938 4003 se
960 3935 997 4003 et
1012 3951 1078 4024 per
1100 3952 1185 4034 euru
1207 3935 1319 4022 (cum)
1342 3934 1419 4004 suis
1443 3931 1710 4005 successoribus
1726 3933 1897 4024 legitimis
1919 3937 2015 4008 natis

469 4057 533 4110 sou
554 4038 745 4112 nascendis
769 4041 847 4111 lure
870 4037 1101 4138 recurrerit,
1130 4047 1236 4133 prout
1265 4039 1410 4112 sculteti
1445 4041 1596 4113 aliarum
1619 4040 1788 4114 villarum
1811 4045 2016 4115 nostrorum

468 4145 505 4216 ln
526 4144 699 4220 Cloduuia
721 4149 801 4219 siue
815 4149 854 4218 in
877 4149 1105 4236 rrampooo,
1128 4149 1206 4218 iure
1228 4145 1441 4220 hereditario
1464 4149 1640 4240 tituloque
1655 4150 1882 4241 proprietatis
1905 4150 2016 4222 libere

467 4249 691 4344 possidendo,
729 4252 959 4339 addicientes
996 4254 1094 4346 quod
1116 4253 1298 4347 predictus
1327 4256 1591 4354 scultetusseu
1615 4258 1673 4328 sui
1699 4255 1852 4346 legitimi
1875 4277 2016 4330 sncces-

469 4379 566 4434 sores
588 4361 749 4434 medium
780 4381 929 4435 censum
962 4361 1006 4434 de
1034 4361 1184 4435 taberna
1212 4361 1346 4435 ibidem
1373 4383 1438 4457 pro
1468 4383 1509 4435 so
1539 4363 1640 4434 tollet
1669 4367 1706 4436 et
1736 4363 1783 4437 ad
1810 4385 1899 4438 vsus
1930 4387 2016 4440 suos

469 4474 665 4554 conuersae
699 4469 814 4542 eciem
842 4472 995 4542 tercium
1031 4469 1219 4542 donarium
1254 4470 1299 4542 de
1337 4490 1376 4543 re
1412 4491 1478 4542 seu
1520 4491 1631 4544 causa
1668 4470 1828 4545 iudicata
1859 4473 2014 4547 habebit.

469 4572 584 4649 incole
617 4596 702 4650 reno
737 4576 896 4671 predicte
925 4577 1010 4650 ville
1041 4585 1173 4664 nostre,
1204 4577 1352 4670 quilibet
1382 4598 1504 4651 eorum
1537 4580 1584 4652 in,
1604 4577 1698 4651 testo
1729 4581 1846 4652 sancti
1872 4579 2017 4654 Martini

375 4705 379 4712 ·
467 4683 608 4757 racione
624 4689 668 4768 ‚et
690 4687 835 4758 nomine
857 4705 988 4758 census
1012 4685 1098 4758 dare
1121 4690 1159 4758 et
1181 4705 1265 4758 cum
1288 4685 1424 4759 ellectu
1446 4685 1549 4758 nobis
1568 4689 1757 4776 assignare
1771 4689 1946 4761 tenebunt
1957 4693 2015 4777 (s).

468 4785 632 4866 Ceterum
656 4798 777 4865 autem
799 4792 961 4866 iamdicti
990 4791 1205 4866 kmetbones
1228 4794 1327 4866 iuxta
1351 4793 1648 4866 consuetudinem
1679 4800 1772 4868 terre
1794 4796 1898 4870 nobis
1920 4797 2016 4870 labo
2069 4778 2076 4791 ⁴

468 4913 546 4970 rare
568 4904 655 4974 sunt
677 4903 825 4974 astricti.
871 4901 921 4974 Vt
943 4906 1066 4973 autom
1094 4901 1162 4975 hec
1190 4899 1500 4975 nostra-vendicio
1529 4907 1565 4974 ot
1588 4903 1728 4995 empcio
1751 4907 1856 4993 grata
1879 4907 1916 4979 et
1937 4910 2017 4978 rato

469 5007 673 5094 persisteret
704 5014 741 5081 et
778 5013 949 5102 perpetue
983 5008 1167 5082 firmitatis
1207 5009 1315 5082 robur
1347 5009 1532 5095 obtineret,
1574 5011 1775 5100 sigillorum
1812 5019 2016 5086 nostrorum
2069 5009 2073 5018 '

469 5117 665 5188 munimine
694 5115 861 5189 videlicet
891 5117 1031 5189 abbatis
1062 5121 1099 5189 et
1129 5123 1327 5191 conuentus
1357 5121 1561 5211 presentem
1591 5117 1750 5190 litteram
1778 5122 1951 5194 iussimus
1979 5125 2017 5194 et

468 5225 691 5316 precepimus
722 5223 878 5296 roborari
907 5245 950 5297 ac
973 5225 1196 5297 communiri.
1242 5229 1376 5298 Actum
1408 5231 1445 5297 et
1467 5225 1592 5298 dotum
1615 5227 1654 5298 in
1680 5229 1823 5314 Lancia,
1854 5231 1933 5322 ipso
1957 5228 2016 5302 dio
2155 5213 2157 5218 ’

471 5335 593 5403 sancte
614 5330 724 5404 Lucio
746 5334 907 5422 virginis
933 5333 1003 5408 sub
1027 5352 1120 5405 anno
1144 5333 1289 5405 Domini
1313 5333 1502 5406 millesimo
1526 5331 1655 5406 0000ο
1677 5335 1845 5410 secundo.
1869 5336 2017 5410 Presen·
2126 5409 2129 5416 .

470 5431 564 5508 tibus
587 5437 660 5534 lrle
684 5439 832 5527 tesibus,
863 5439 1039 5532 religiosis
1067 5443 1166 5526 viris,
1190 5438 1375 5514 iratribus:
1405 5440 1575 5515 Gobelino
1598 5443 1726 5534 priore,
1754 5443 1911 5518 Iohanne
1933 5464 2016 5537 sup·

1817 5572 1851 5632 4.
1877 5591 1879 5596 .
