4448 6210
1779 272 1848 343 255

333 481 460 602 prelatis
482 469 610 548 litteris
633 468 810 544 contentis
844 477 882 543 et
912 464 1200 563 quibuscumque
1232 466 1316 541 iude
1349 471 1495 556 secutis,
1530 471 1664 545 nuliius
1697 474 1849 544 existere

333 594 448 686 soporis
479 582 535 655 uel
569 583 740 658 momenti
775 583 932 652 sciencia
970 587 1008 651 et
1045 582 1257 651 auctoritate
1296 581 1445 671 prefatis
1481 578 1642 652 decreuit
1675 587 1712 652 et
1733 581 1849 650 eciam

331 693 515 789 migrauit
554 693 592 760 et
627 687 880 759 nichilominus
915 688 1078 780 predicta
1111 690 1243 782 omnia·
1264 694 1301 757 et
1333 688 1478 777 singula
1500 688 1594 760 bona
1616 696 1654 760 et
1677 687 1849 771 redditus,

332 836 388 915 que
412 820 492 876 eum
524 816 646 868 eorum
679 795 922 886 qualitatibus,
956 795 1156 887 speciebus,
1189 796 1382 880 ualoribus,
1417 797 1613 879 uocabulis,
1646 793 1849 867 confinibus

332 915 454 1004 ‘taliis
476 907 551 977 suis
575 905 861 994 circumstaneijs
888 906 1068 975 uniuersis
1100 903 1326 994 presentibus
1364 910 1450 974 tuuc
1485 903 1606 974 haberi
1639 903 1754 975 uoluit
1786 922 1851 996 pro

331 1019 490 1121 „pressis
512 1018 548 1083 et
571 1010 740 1103 specifice
775 1011 976 1094 declaratis,
1008 1014 1062 1082 sic
1097 1012 1253 1081 alienata
1285 1017 1324 1081 et
1356 1010 1531 1103 dissipata
1565 1011 1612 1084 ad
1634 1014 1691 1082 ius
1713 1018 1751 1084 et
1772 1031 1850 1105 pro·

332 1131 500 1237 prietatem
515 1137 699 1190 acueram
714 1117 913 1189 dominium
939 1139 1063 1198 mense
1086 1128 1123 1188 et
1144 1119 1295 1189 ecclesie
1309 1118 1549 1209 predictarum
1569 1120 1708 1211 prefata
1732 1125 1851 1190 aucto·

332 1244 419 1322 pute
440 1227 579 1302 reduxit
601 1233 638 1297 et
660 1228 775 1297 eciam
799 1229 993 1310 reuocauit,
1023 1228 1174 1318 ipsaque
1196 1225 1291 1297 bona
1313 1232 1350 1297 et
1371 1225 1532 1298 redditus
1561 1226 1700 1319 prefate
1728 1247 1851 1298 meuse

332 1339 506 1445 ,pplicauit
529 1351 572 1404 ae
594 1339 640 1418 te,
664 1354 827 1405 mensam
851 1342 888 1405 et
909 1334 1100 1404 ecelesiam
1123 1332 1281 1425 prefatos
1306 1332 1351 1403 ad
1374 1333 1579 1406 huiusmodi
1603 1334 1707 1418 bona,
1737 1332 1851 1405 reddi-

331 1479 379 1533 ως
398 1461 588 1533 eorumque
610 1444 865 1534 proprietatem
888 1445 925 1512 in
950 1441 1171 1533 corporalem
1194 1444 1457 1532 possessiouem
1481 1462 1629 1513 suarum
1645 1443 1737 1513 serie
1760 1440 1851 1513 litte

332 1575 435 1640 nrum
457 1551 613 1622 restituit
635 1552 672 1619 et
693 1550 937 1637 reintegrauit,
968 1552 1020 1620 ita
1042 1546 1137 1638 quod
1160 1548 1285 1618 liceret
1307 1548 1372 1619 tibi
1403 1569 1467 1640 per
1496 1558 1533 1621 te
1563 1550 1621 1621 uei
1652 1549 1763 1621 alium
1785 1568 1851 1620 seu

332 1673 416 1748 pios,
445 1676 533 1750 quos
556 1654 706 1728 duceres
730 1655 965 1747 deputandos,
998 1655 1219 1748 prefatorum
1248 1654 1453 1753 reddituum
1476 1663 1513 1729 et
1535 1656 1708 1728 bonorum
1732 1677 1863 1749 corpo·

271 1822 275 1827 -
332 1776 426 1852 ratem
448 1766 709 1860 possessionem
734 1762 1000 1856 apprehendere
1030 1771 1068 1834 et
1090 1769 1261 1855 perpetuo
1288 1766 1451 1849 retinere,
1482 1765 1614 1854 illaque
1642 1767 1681 1837 iu
1703 1784 1793 1836 usus
1816 1770 1853 1836 et

332 1872 602 1957 commoditatem
627 1891 750 1943 mense
773 1878 811 1942 et
832 1872 983 1942 ecclesie
1012 1871 1235 1964 prefatorum
1265 1871 1374 1942 iibere
1404 1881 1611 1943 conuertere
1635 1879 1672 1944 et
1694 1871 1783 1944 alias
1807 1870 1852 1943 de

332 1993 374 2063 ela
402 1983 586 2073 disponere
621 1984 658 2050 et
691 1977 867 2063 ordinare,
898 1976 1202 2068 quemadmodum
1235 1978 1493 2071 archiepiscopi
1518 1979 1755 2065 (lucanenses,
1790 1982 1852 2070 qui

332 2095 460 2172 inemut
481 2106 544 2180 pro
567 2091 728 2178 tempore
751 2092 835 2158 aute
857 2090 1107 2157 eoncessiones
1137 2106 1204 2157 seu
1234 2085 1450 2158 donaciones
1474 2085 1690 2171 huiusmodi,
1714 2084 1759 2157 de
1781 2086 1852 2158 iliis

332 2203 501 2293 disponere
523 2213 589 2265 seu
612 2192 776 2265 ordinare
807 2200 1000 2285 potuerunt
1022 2214 1088 2266 seu
1110 2195 1220 2266 etiam
1243 2192 1453 2277 debuerunt,
1488 2195 1700 2267 alienatione
1732 2200 1852 2266 tamen

332 2301 508 2382 eomudem
530 2299 736 2373 reddituum
770 2306 808 2374 et
830 2301 1005 2373 bonorum
1039 2301 1106 2382 tibi
1128 2303 1273 2392 penitus
1307 2299 1506 2386 interdicta,
1541 2307 1648 2394 prout
1677 2303 1714 2372 iu
1747 2299 1853 2372 dietis

332 2413 443 2489 titteris
463 2408 604 2502 plenius
627 2413 839 2480 continetur.
885 2408 977 2481 Cum
1010 2416 1143 2489 autem
1175 2411 1271 2480 sicut
1302 2407 1428 2480 eadem
1450 2413 1580 2502 peticio
1602 2407 1853 2499 subiungebat,

333 2535 365 2595 tu
384 2516 532 2601 dubites,
564 2515 723 2609 prefatas
747 2517 885 2588 litteras
920 2519 1096 2594 minorem
1129 2516 1290 2587 obtinere
1321 2515 1457 2588 roboris
1479 2517 1690 2589 firmitatem
1712 2535 1777 2609 pro
1800 2535 1873 2615 eo,=

332 2625 412 2720 quod
432 2626 510 2718 ipse
537 2625 708 2695 scismate
742 2623 894 2695 durante
928 2644 1099 2696 concesse
1132 2624 1290 2708 fuerunt
1323 2623 1512 2714 dictusque
1541 2623 1734 2697 Baidassar
1768 2630 1854 2696 tuuc

333 2734 490 2807 iohannes
511 2729 628 2802 XXIII
652 2750 674 2802 a
696 2734 784 2814 lure,
817 2730 913 2822 quod
941 2734 980 2802 iu
1009 2738 1145 2824 papatu
1168 2751 1208 2801 se
1231 2730 1365 2802 habere
1395 2730 1546 2816 dicebat,
1576 2751 1641 2824 per
1663 2731 1854 2803 concilium
1899 2742 1902 2747 ’

331 2838 482 2932 generale
504 2837 782 2912 eonmnctenso
804 2838 990 2931 depositus
1012 2842 1132 2912 extitit
1154 2844 1263 2929 atque
1285 2840 1432 2923 eiectus,
1455 2858 1566 2929 quare
1580 2858 1644 2931 pro
1667 2846 1769 2931 parte
1791 2843 1856 2911 tua

333 2946 421 3018 nobis
443 2945 512 3018 luit
532 2943 717 3018 humiliter
745 2946 998 3040 supplicatum,
1029 2952 1071 3017 ut
1097 2948 1219 3018 omnia
1242 2948 1279 3017 in
1303 2945 1409 3018 dictis
1432 2946 1560 3025 litteris
1584 2950 1761 3031 contema,
1791 2966 1855 3040 pro

331 3072 439 3124 eorum
462 3051 706 3125 subsistentia
733 3053 890 3125 nummi
920 3053 1135 3130 confirmare
1165 3051 1210 3124 de
1232 3052 1454 3143 benignitate
1478 3054 1672 3145 apostolica
1695 3053 1856 3145 dignare·

334 3178 410 3232 mur.
454 3157 527 3232 Nos
550 3160 661 3249 igitur
683 3159 879 3233 earumdem
902 3181 1026 3233 mense
1050 3166 1087 3232 et
1109 3160 1260 3232 ecclesie
1283 3161 1430 3232 utilitati
1453 3166 1489 3232 et
1504 3159 1653 3233 comodo
1668 3160 1856 3254 prouidere

332 3266 487 3352 uolentes,
518 3266 725 3340 huiusmodi
759 3267 1081 3361 supplicationibus
1114 3268 1288 3352 inclinati,
1321 3269 1570 3352 cassationem,
1611 3270 1855 3354 irritationem,

333 3376 589 3460 reuocationem,
619 3375 910 3466 annullationem,
942 3377 1205 3460 uacuationem,
1236 3376 1538 3461 constitutionem,
1569 3373 1856 3463 declarationem,

333 3479 836 3575 uoluntatemreductlouem,
866 3484 1155 3580 applicationem,
1184 3484 1454 3554 restituciouem
1484 3489 1522 3553 et
1543 3485 1856 3573 reintegrationem

333 3605 367 3658 ac
388 3588 455 3662 alta
476 3591 515 3662 iu
537 3589 643 3661 dictis
666 3590 794 3662 litteris
817 3596 996 3674 contenta,
1019 3592 1121 3662 iuxta
1133 3589 1333 3661 earundem
1348 3590 1548 3662 litterarum
1563 3592 1693 3662 seriem
1709 3597 1746 3663 et
1761 3596 1857 3664 teno-

334 3711 396 3766 rem
417 3699 494 3768 rata
515 3701 553 3769 et
573 3702 678 3787 grata
700 3696 884 3780 habentes,
907 3698 971 3768 iila
993 3689 1207 3769 auctoritate
1230 3697 1428 3788 apostolica
1440 3697 1698 3770 consumamus
1722 3706 1758 3771 et
1780 3719 1856 3792 pre

333 3803 431 3898 ends
453 3805 556 3897 aripti
578 3806 775 3902 patrocinio
798 3805 1075 3876 communimus.
1122 3802 1219 3875 Nulli
1249 3823 1334 3894 ergo
1365 3806 1509 3877 omuino
1541 3804 1727 3877 homiuum
1750 3805 1858 3879 liceat

334 3902 413 3979 true
433 3913 602 4002 pagiuam
624 3917 745 3983 nostre
759 3911 967 3994 uoluntatis,
991 3910 1282 3984 confirmacionis
1298 3918 1335 3983 et
1350 3914 1646 3984 communicionis
1662 3914 1857 4006 infringere
1995 3958 2012 3990 a

333 4011 380 4083 uei
400 4019 433 4086 ei
455 4037 546 4090 ausu
568 4019 756 4090 temerario
778 4020 970 4099 contraire3
998 4020 1029 4087 si
1054 4020 1135 4108 quis
1159 4024 1282 4090 autem
1306 4018 1374 4091 boc
1398 4025 1609 4112 attemptare
1632 4040 1857 4113 presumpse-

322 4119 379 4215 rit
400 4122 678 4214 indignationem
701 4127 954 4217 omnipotentis
976 4123 1045 4195 Del
1069 4131 1106 4197 et
1127 4125 1314 4197 beatorum
1331 4125 1424 4198 Petri
1440 4133 1477 4197 et
1492 4126 1592 4197 Pauli
1615 4129 1856 4220 apostolorum

333 4226 399 4298 etus
434 4251 473 4302 se
510 4233 650 4304 nouerit
686 4234 924 4309 incursurum
970 4230 1106 4303 Datum
1144 4231 1358 4304 constancie
1390 4232 1452 4304 Vll
1484 4232 1657 4307 kalendas
1688 4235 1857 4326 ianuarij,

334 4337 548 4418 mnttnmtus
572 4341 682 4411 nostri
705 4358 800 4411 anuo
823 4340 947 4428 primo.
970 4377 1016 4391 -
1040 4359 1131 4409 xxxx
1155 4338 1195 4409 B.
1220 4339 1265 4411 de
1288 4340 1425 4412 Vincio.
1448 4378 1494 4392 -
1516 4338 1563 4413 lo.
1588 4341 1758 4414 Grasseti.

455 4449 541 4534 'tna
562 4444 744 4532 sakiadce)
767 4444 813 4516 ni.
836 4443 992 4536 Pinartb.

465 4640 643 4701 -Dokummt
669 4640 888 4716 purgantem.
914 4638 1116 4715 mnam,
1136 4659 1160 4697 rr
1180 4641 1334 4700 amitinum
1362 4601 1491 4717 kapituig
1520 4643 1754 4719 metropolitaluci
1778 4647 1857 4719 guie-

335 4717 472 4800 &intio
492 4731 541 4805 (N.
560 4730 635 4802 3⁴2),
652 4738 804 4805 opatraoug
822 4728 875 4799 ieet
893 4728 1031 4799 οΙυιὶαιη
1059 4729 1126 4801 bule
1145 4733 1261 4806 μμῑοὶι
1280 4732 1408 4789 biarcio·
1426 4732 1464 4802 V,
1482 4734 1660 4805 animaene
1678 4751 1715 4791 ua
1732 4736 1857 4792 uuurku

334 4820 527 4894 inmonego
545 4822 555 4877 i
573 4821 680 4895 ioitcgo
697 4818 845 4890 fednbiu
