4668 6352
419 533 487 606 252

419 729 536 802 Simili
561 727 667 802 modo
690 732 727 800 et
748 726 963 801 ltmethones
987 748 1009 800 a
1031 731 1201 820 tompore.
1225 747 1295 819 qno
1312 725 1534 810 aduenerint,
1558 703 1808 819 computando,
1830 730 1951 820 viginti

418 855 533 908 annos
555 835 758 910 libertatem
781 857 821 908 se
845 835 963 908 sciant
985 833 1092 907 cinthio
1115 835 1238 928 procul
1254 833 1359 907 modo
1379 833 1574 919 habituros,
1598 843 1641 906 a'c
1664 838 1746 926 post
1768 833 1949 920 decumum

418 941 660 1037 predictorum
693 963 868 1017 annorum
891 961 957 1015 seu
989 961 1112 1015 earum
1148 941 1352 1014 libertatum
1388 939 1546 1034 predicte
1567 941 1652 1014 ville
1679 939 1890 1018 lrmethones
1911 951 1951 1026 ds

419 1051 579 1142 quolibet
602 1071 728 1124 manso
758 1051 912 1142 singulis
943 1051 1047 1122 annis
1078 1047 1125 1121 ad
1153 1048 1288 1122 testum
1319 1051 1436 1121 sancti
1458 1047 1601 1121 ilartini
1624 1067 1783 1122 marcam
1805 1049 1952 1134 latorum

417 1177 626 1248 grossomm
649 1158 752 1232 nobis
768 1157 915 1242 dabunt
939 1155 1178 1246 assignabunt
1191 1154 1348 1229 totaliter
1362 1159 1400 1228 et
1416 1157 1631 1249 persoluent.
1677 1155 1766 1228 item
1790 1154 1836 1229 ad
1857 1179 1951 1238 sanc.

419 1268 550 1352 tumls)
581 1264 720 1338 Pasche
749 1266 794 1338 de
825 1265 981 1356 quolibet
1013 1283 1139 1336 manso
1169 1283 1234 1356 per
1255 1262 1412 1335 mediam
1443 1283 1660 1354 sexagenarii
1683 1281 1833 1336 ovorum
1854 1270 1890 1340 et
1910 1273 1952 1348 al

419 1371 554 1444 testum
578 1373 853 1466 Assumpcionis
876 1371 980 1444 beata
1002 1370 1113 1443 ilario
1134 1389 1200 1464 per
1222 1369 1312 1443 duos
1334 1371 1452 1463 pullos
1468 1370 1625 1462 quolibet
1645 1389 1739 1444 enno
1762 1370 1864 1444 nobis
1886 1379 1953 1454 sint

420 1481 568 1552 astricti.
615 1479 765 1574 Insuper
787 1479 904 1553 eidem
934 1479 1086 1551 sculteto
1110 1482 1230 1551 nostro
1260 1477 1422 1570 sepelato
1445 1474 1611 1551 dedimus
1634 1483 1671 1550 et
1693 1479 1977 1586 ιιείςιιιιιιιιιιιιΙ
2037 1478 2045 1496 '

291 1676 295 1685 Ι
420 1607 463 1660 ac
485 1606 551 1680 per
572 1591 757 1680 presentes
789 1587 918 1660 damus
942 1590 979 1658 et
1001 1587 1229 1676 asstgnamns
1251 1604 1366 1658 unum
1397 1587 1501 1676 inger
1530 1584 1673 1670 arabile,
1705 1586 1861 1679 exceptis
1887 1591 1984 1677 illis,

412 1685 561 1766 'duobus
585 1696 721 1767 mansis
752 1696 970 1778 memoratis,
1001 1713 1109 1785 super
1140 1692 1235 1784 quod
1270 1692 1373 1782 inger
1395 1693 1549 1766 eundem
1576 1693 1809 1766 licenciamus
1832 1699 1952 1772 ortula-

269 1894 271 1898 .
420 1821 498 1886 nos,
523 1801 795 1887 intimatorem,
819 1800 1018 1874 secundum
1034 1799 1130 1891 quod
1145 1799 1214 1872 sibi
1230 1800 1402 1892 placitum
1426 1799 1545 1886 inerit
1570 1798 1826 1873 collocandum.
1870 1803 1951 1882 ltcnr
2019 1879 2021 1883 ,

419 1908 516 1981 idam
552 1909 726 1982 scultetus
760 1911 964 2002 plstrinum,
1007 1907 1192 1981 labricam·
1217 1909 1391 1980 sutoriam
1425 1910 1463 1978 et
1499 1907 1690 1980 macellum
1723 1926 1834 2002 supra
1855 1931 1950 1986 suan

419 2015 666 2100 hereditatem,
696 2017 902 2106 ubicunque
933 2015 1001 2088 sibi
1024 2017 1144 2087 visum
1178 2009 1298 2098 luerit',
1331 2013 1502 2088 edilicare
1534 2018 1570 2086 et
1593 2018 1798 2087 construere
1832 2021 1951 2108 poterit

420 2127 544 2196 nostra
565 2121 611 2196 de
632 2123 793 2208 licencia,
817 2142 995 2196 consensu
1018 2125 1054 2196 et
1069 2121 1262 2194 voluntate.
1308 2119 1433 2194 Ecinrn
1448 2121 1623 2194 scultetus
1637 2121 1820 2215 predictus
1833 2125 1951 2216 suique

420 2231 555 2324 posteri
577 2229 624 2302 ad
652 2232 775 2304 omnia
796 2231 950 2302 senricia
972 2229 1074 2303 nobis
1098 2227 1310 2319 obligantur,
1335 2228 1466 2321 qulbus
1489 2229 1550 2321 aiij
1574 2231 1687 2306 nostri
1714 2229 1857 2302 sculteti
1888 2251 1952 2306 ser·

420 2340 498 2410 nire
521 2343 607 2412 sunt
620 2339 773 2424 astricti;
796 2334 843 2410 ad
866 2357 935 2428 que
958 2337 1113 2410 seruicia
1133 2357 1246 2408 vnum
1266 2355 1404 2428 equum
1422 2334 1468 2408 de
1491 2335 1631 2409 duabus
1654 2337 1785 2409 marcis
1807 2336 1951 2414 latomm

421 2465 628 2536 grossomm
663 2449 738 2517 tam
773 2447 860 2538 ipse,
894 2463 1004 2535 quarn
1035 2446 1092 2516 sui
1122 2447 1256 2538 posteri
1290 2443 1474 2517 habebunt
1505 2448 1543 2517 et
1564 2443 1769 2517 seruabant.
1814 2443 1953 2538 Insuper

300 2599 304 2606 .
421 2553 597 2626 scultetus
632 2555 851 2649 memoratus
874 2555 938 2640 (et)
973 2551 1030 2624 sui
1063 2551 1215 2647 legitimi
1248 2571 1475 2624 successores
1509 2553 1661 2628 tercium
1693 2549 1879 2626 denarium
1913 2553 1953 2626 de

422 2659 581 2750 qualibet
603 2679 642 2731 re
665 2656 824 2733 indicata
845 2659 1038 2742 habebunt,
1070 2650 1267 2750 eademque
1289 2658 1454 2732 libertate
1476 2657 1695 2750 gaudebunt,
1725 2677 1798 2750 qua
1820 2659 1952 2734 sculteti

421 2770 460 2840 in
483 2767 565 2860 aIle
588 2769 720 2840 nostrls
744 2767 839 2839 villis
871 2767 1055 2839 constituti
1086 2766 1158 2838 lrui
1187 2765 1363 2840 hactenus
1394 2771 1482 2840 eunt
1505 2768 1676 2839 consueti.
1722 2766 1812 2838 Item
1833 2767 1962 2860 sculteg

423 2879 482 2948 tus
515 2876 555 2947 in
585 2893 716 2965 magno
754 2873 897 2959 indicio,
931 2873 1027 2966 quod
1065 2872 1265 2946 secundant
1300 2889 1529 2947 communem
1553 2869 1847 2948 consuetudinem
1869 2879 1953 2946 terro

422 2981 581 3074 quolibet
604 3001 697 3054 anno
720 2981 941 3067 obserantur,
974 2981 1076 3053 nobis
1100 3003 1164 3054 sex
1186 2985 1316 3066 scotos,
1346 2979 1560 3084 kmethones
1583 2999 1667 3081 vero
1690 2978 1846 3053 mediam
1869 2993 1953 3053 mar·

423 3109 504 3162 cam
537 3089 687 3175 soluere,
723 3087 808 3162 dara
839 3094 877 3162 et
911 3091 1096 3180 asstgnare
1128 3091 1203 3162 sint
1236 3091 1383 3162 astricti.
1429 3089 1520 3162 Item
1557 3087 1770 3162 kmethones
1805 3089 1845 3161 in
1866 3087 1953 3161 dicta

423 3200 546 3270 nostra
568 3195 655 3270 ailla
677 3194 722 3268 de
745 3195 904 3294 qnoIIbet
933 3216 1058 3269 manso
1082 3197 1184 3270 nobis
1208 3197 1367 3289 quolibet
1388 3216 1483 3270 anno
1512 3197 1628 3270 tribus
1650 3195 1790 3269 uicibus
1814 3215 1856 3268 ac
1876 3215 1953 3288 qua·

422 3303 510 3376 libet
540 3305 620 3376 vice
653 3323 766 3376 vnum
800 3307 904 3396 inger
936 3323 1036 3377 arare
1072 3303 1295 3378 tenebuntur.
1341 3305 1491 3397 Insuper
1524 3309 1567 3376 ut
1583 3305 1716 3378 'omnis
1747 3301 1952 3397 disceptaclo

424 3413 646 3505 Inpostenrm
668 3430 778 3503 snper
811 3413 963 3484 senricio
995 3417 1032 3483 et
1065 3412 1228 3484 libertate
1262 3411 1499 3484 kmethonnm
1535 3409 1698 3484 funditus
1721 3409 1952 3494 subnotatur,

424 3518 470 3590 ad
504 3521 628 3592 omnia
656 3519 818 3604 seruicia
855 3519 900 3591 ad
936 3539 1006 3610 qne
1035 3517 1248 3592 kmethones
1286 3519 1441 3592 mllitum
1465 3523 1551 3592 sunt
1573 3519 1721 3603 astricti,
1750 3517 1952 3592 kmethoncs

423 3625 507 3697 stile
531 3630 651 3699 nostre
665 3627 863 3719 prescripta
878 3625 982 3698 nobis
998 3626 1104 3700 modo
1119 3627 1228 3699 simili
1252 3629 1341 3715 (sint
1363 3628 1526 3714 astricti).
1572 3623 1614 3700 ln
1628 3645 1780 3717 quornm
1802 3625 1951 3698 omnium

424 3734 670 3805 testimonium
693 3737 730 3804 et
752 3733 859 3806 robur
893 3739 1063 3826 perpetue
1098 3733 1281 3806 ilrmitatis
1316 3737 1520 3827 presentem
1549 3735 1706 3807 litteram
1735 3753 1819 3806 cum
1842 3734 1952 3804 nostro

425 3845 693 3930 conuentusque
725 3843 838 3912 nostri
871 3841 1000 3930 sigillis
1035 3842 1188 3914 lecimus
1227 3843 1451 3914 communiri.
1507 3841 1643 3914 Datum
1675 3843 1714 3914 ln
1748 3836 1952 3913 monasterio

424 3951 544 4019 nostro
568 3946 692 4018 Lauda
713 3951 909 4040 pretaxato,
932 3947 1110 4020 domiuico
1134 3947 1192 4021 die
1216 3947 1350 4036 (antei)
1375 3948 1509 4022 lestum
1533 3948 1740 4022 Natiuitatis
1763 3947 1872 4020 Marie
1891 3946 1951 4014 vir·

424 4057 518 4145 ginis
542 4055 704 4144 gloriose,
736 4055 803 4127 sub
827 4075 921 4127 anno
945 4055 1088 4127 Domini
1120 4056 1307 4128 millesimo
1338 4055 1689 4148 quadringentesimo
1712 4053 1951 4128 sextodecimo.

425 4161 652 4234 l‘resentibus
677 4161 840 4250 discretis
864 4163 950 4234 urle
975 4157 1144 4236 iratribus
1168 4163 1360 4252 relim'osis:
1407 4163 1524 4236 Felice
1545 4165 1672 4256 priore,
1703 4161 1857 4237 Gerardo
1879 4176 1951 4248 sup·

425 4271 550 4361 priore,
578 4269 722 4341 Hinrico
746 4269 925 4354 celeraria,
956 4269 1111 4342 Iohanne
1140 4269 1300 4342 burserio
1325 4291 1368 4342 nc
1391 4271 1473 4362 alijs
1496 4271 1659 4363 plurimis
1682 4269 1883 4361 lidedlgnis,
1911 4259 1950 4334 ad

425 4377 493 4448 hoc
515 4377 652 4448 vocatis
676 4377 878 4468 specialiter
901 4382 938 4448 et
960 4379 1104 4468 rogatis,
1135 4379 1171 4450 in
1196 4380 1440 4450 testimonium
1464 4379 1720 4472 premissorum
1743 4377 1899 4450 omniurn
1920 4371 1951 4439 el

285 4569 289 4576 ¹
425 4483 657 4574 singulorum.

587 4679 611 4737 Z
629 4678 814 4753 kolmlakicgo
831 4680 965 4756 kopiaraa
982 4680 1133 4755 paynileji
1153 4679 1292 4752 latiatim,
1311 4681 1393 4739 karta
1410 4683 1454 4740 45.

591 4859 613 4930 ¹)
632 4857 822 4928 iiiejseowote'
840 4867 869 4917 ta
887 4859 1024 4934 oanacayt
1038 4860 1078 4932 aie
1097 4861 1143 4917 nie
1160 4859 1211 4930 ὼς
1230 4859 1406 4918 nathaniam
1417 4859 1605 4932 mieiscowoit
1615 4861 1779 4934 ipsosne
1790 4857 1835 4915 ani
1855 4847 1949 4912 Osirin

424 4945 627 5024 toanarry‘dzia'
646 4947 693 5006 nie
711 4947 830 5026 tamisia

2123 813 2214 920 'eea
2261 822 2300 997 ιι

2314 625 2324 644 e

2296 750 2332 804 Ἡ

2297 839 2329 906 ji}

2302 912 2315 934 Ψ

2299 947 2324 990 τ’,

2306 985 2312 1030 l

2294 1019 2322 1204 Γ

2322 1079 2328 1106 l

2143 1205 2181 1275 lis
2204 1197 2320 1270 Posn·

2142 1304 2277 1396 rsgcali
2326 1315 2330 1324 ·

2280 1195 2330 1465 l

2294 1466 2333 1646 p

2142 1701 2260 1756 camus
2282 1639 2332 1766 tl,-

2142 1768 2330 1963 mummi?

2142 1895 2287 1980 Domini,

2140 2001 2276 2077 ιιωιιο
2299 1975 2333 2091 i:

2139 2109 2178 2182 le
2214 2090 2322 2213 Noua*

2138 2218 2278 2290 senione
2312 2214 2324 2288 .’

2138 2327 2185 2397 sie
2205 2318 2330 2396 Poanel.

2140 2431 2246 2504 nicusi
2267 2428 2329 2619 εἰῖ,

2138 2634 2332 2729 ilrocalronlss

2138 2745 2333 2847 Poznanien'

2136 2856 2267 2944 iudicii,
2302 2891 2316 2933 ι

2137 2965 2272 3038 Domini
2294 2989 2314 3039 e

2136 3024 2334 3187 iiraltacioi

2137 3181 2334 3254 minoribus

2135 3288 2218 3360 simo
2248 3298 2268 3351 e
2303 3299 2334 3351 e¹

2135 3393 2322 3483 llancaa'h

2067 3517 2071 3523 ’
2134 3491 2320 3594 capitulum

2134 3627 2190 3697 pro
2219 3631 2291 3702 qua

2134 3713 2262 3791 iiancae
2292 3724 2330 3791 et

2134 3829 2267 3898 centum
2291 3847 2326 3898 m

2133 3931 2199 4001 lam
2217 3931 2323 4006 hored

2126 4045 2260 4119 nerum.
2316 4050 2334 4105 o

2133 4160 2208 4217 num
2237 4147 2308 4222 hab

2133 4267 2325 4328 recesserim

2131 4359 2162 4426 tl
2195 4381 2334 4454 presen

2131 4459 2285 4544 duxintus
2326 4502 2333 4535 t

2132 4568 2258 4650 literam
2281 4579 2325 4652 ad

2131 4679 2245 4768 sigillis
2269 4687 2330 4759 rob

2131 4781 2206 4860 iuris
2229 4799 2264 4865 et
2288 4815 2334 4866 ιιι.

2130 4891 2324 4993 testinnsq

2225 5017 2228 5022 '
2277 5002 2331 5082 No

2131 5119 2293 5190 Iresentls
2333 5142 2334 5163 ι

2129 5217 2227 5291 0culis
2260 5225 2329 5297 hab

2130 5318 2300 5403 nobiseum

2130 5435 2333 5512 llcsentibu
