<?xml version="1.0" encoding="UTF-8"?>
<!DOCTYPE html PUBLIC "-//W3C//DTD XHTML 1.0 Transitional//EN"
    "http://www.w3.org/TR/xhtml1/DTD/xhtml1-transitional.dtd">
<html xmlns="http://www.w3.org/1999/xhtml" xml:lang="en" lang="en">
 <head>
  <title>
</title>
<meta http-equiv="Content-Type" content="text/html;charset=utf-8" />
  <meta name='ocr-system' content='tesseract 3.04.00' />
  <meta name='ocr-capabilities' content='ocr_page ocr_carea ocr_par ocr_line ocrx_word'/>
</head>
<body>
  <div class='ocr_page' id='page_1' title='image "./codexdiplomatic06zakrgoog_0366.png"; bbox 0 0 4722 6360; ppageno 0'>
   <div class='ocr_carea' id='block_1_1' title="bbox 1 1421 228 1579">
    <p class='ocr_par' dir='ltr' id='par_1_1' title="bbox 1 1421 228 1579">
     <span class='ocr_line' id='line_1_1' title="bbox 3 1421 228 1490; baseline 0.031 -16"><span class='ocrx_word' id='word_1_1' title='bbox 3 1458 5 1465; x_wconf 70' lang='lat'><strong>,</strong></span> <span class='ocrx_word' id='word_1_2' title='bbox 31 1421 228 1490; x_wconf 68' lang='lat' dir='ltr'><strong>ecclesiarum</strong></span> 
     </span>
     <span class='ocr_line' id='line_1_2' title="bbox 1 1505 228 1579; baseline 0.031 -20"><span class='ocrx_word' id='word_1_3' title='bbox 1 1505 119 1579; x_wconf 67' lang='lat' dir='ltr'><strong>»ingeila</strong></span> <span class='ocrx_word' id='word_1_4' title='bbox 139 1515 228 1576; x_wconf 79' lang='lat' dir='ltr'><strong>firmi.</strong></span> 
     </span>
    </p>
   </div>
   <div class='ocr_carea' id='block_1_2' title="bbox 3 1597 227 1676">
    <p class='ocr_par' dir='ltr' id='par_1_2' title="bbox 3 1597 227 1676">
     <span class='ocr_line' id='line_1_3' title="bbox 3 1597 227 1676; baseline 0.022 -13"><span class='ocrx_word' id='word_1_5' title='bbox 3 1597 69 1653; x_wconf 66' lang='lat' dir='ltr'><strong>‘fn</strong></span> <span class='ocrx_word' id='word_1_6' title='bbox 91 1609 227 1676; x_wconf 69' lang='lat' dir='ltr'><strong>tppcndi.</strong></span> 
     </span>
    </p>
   </div>
   <div class='ocr_carea' id='block_1_3' title="bbox 11 1777 226 2036">
    <p class='ocr_par' dir='ltr' id='par_1_3' title="bbox 11 1777 226 2036">
     <span class='ocr_line' id='line_1_4' title="bbox 23 1777 226 1857; baseline 0.034 -23"><span class='ocrx_word' id='word_1_7' title='bbox 23 1777 103 1849; x_wconf 73' lang='lat' dir='ltr'><strong>yth,</strong></span> <span class='ocrx_word' id='word_1_8' title='bbox 122 1799 140 1837; x_wconf 80' lang='lat' dir='ltr'>z</span> <span class='ocrx_word' id='word_1_9' title='bbox 161 1789 226 1857; x_wconf 69' lang='lat' dir='ltr'><strong>tpch</strong></span> 
     </span>
     <span class='ocr_line' id='line_1_5' title="bbox 27 1871 224 1947; baseline 0.02 -25"><span class='ocrx_word' id='word_1_10' title='bbox 27 1875 93 1925; x_wconf 72' lang='lat' dir='ltr'><strong>vet</strong></span> <span class='ocrx_word' id='word_1_11' title='bbox 113 1871 123 1926; x_wconf 90' lang='lat' dir='ltr'><strong>i</strong></span> <span class='ocrx_word' id='word_1_12' title='bbox 145 1879 224 1947; x_wconf 67' lang='lat' dir='ltr'><strong>pmki</strong></span> 
     </span>
     <span class='ocr_line' id='line_1_6' title="bbox 11 1957 225 2036; baseline 0.009 -21"><span class='ocrx_word' id='word_1_13' title='bbox 11 1957 182 2036; x_wconf 71' lang='lat' dir='ltr'><strong>podajemy</strong></span> <span class='ocrx_word' id='word_1_14' title='bbox 200 1979 225 2024; x_wconf 65' lang='lat' dir='ltr'><strong>te</strong></span> 
     </span>
    </p>
   </div>
   <div class='ocr_carea' id='block_1_4' title="bbox 11 2143 223 3112">
    <p class='ocr_par' dir='ltr' id='par_1_4' title="bbox 0 2143 223 3112">
     <span class='ocr_line' id='line_1_7' title="bbox 114 2143 222 2204; baseline 0.032 -3.405"><span class='ocrx_word' id='word_1_15' title='bbox 114 2143 222 2204; x_wconf 74' lang='lat' dir='ltr'><strong>archid.</strong></span> 
     </span>
     <span class='ocr_line' id='line_1_8' title="bbox 18 2230 223 2303; baseline 0.054 -21"><span class='ocrx_word' id='word_1_16' title='bbox 18 2230 51 2298; x_wconf 84' lang='lat'><strong>8)</strong></span> <span class='ocrx_word' id='word_1_17' title='bbox 68 2232 223 2303; x_wconf 72' lang='lat' dir='ltr'><strong>wyobmta</strong></span> 
     </span>
     <span class='ocr_line' id='line_1_9' title="bbox 23 2322 221 2398; baseline -0.015 -11"><span class='ocrx_word' id='word_1_18' title='bbox 23 2322 95 2387; x_wconf 73' lang='lat' dir='ltr'><strong>ia·</strong></span> <span class='ocrx_word' id='word_1_19' title='bbox 119 2325 221 2398; x_wconf 76' lang='lat' dir='ltr'><strong>ritate.</strong></span> 
     </span>
     <span class='ocr_line' id='line_1_10' title="bbox 30 2411 221 2481; baseline 0.026 -17"><span class='ocrx_word' id='word_1_20' title='bbox 30 2411 114 2480; x_wconf 83' lang='lat' dir='ltr'><strong>onis,</strong></span> <span class='ocrx_word' id='word_1_21' title='bbox 136 2415 183 2481; x_wconf 78' lang='lat' dir='ltr'><strong>lt&gt;</strong></span> <span class='ocrx_word' id='word_1_22' title='bbox 200 2437 221 2472; x_wconf 72' lang='lat' dir='ltr'><strong>s.</strong></span> 
     </span>
     <span class='ocr_line' id='line_1_11' title="bbox 11 2503 219 2572; baseline 0.024 -15"><span class='ocrx_word' id='word_1_23' title='bbox 11 2526 31 2568; x_wconf 77' lang='lat'><strong>1,</strong></span> <span class='ocrx_word' id='word_1_24' title='bbox 70 2505 120 2572; x_wconf 76' lang='lat'><strong>14)</strong></span> <span class='ocrx_word' id='word_1_25' title='bbox 152 2503 219 2562; x_wconf 75' lang='lat' dir='ltr'><strong>brak</strong></span> 
     </span>
     <span class='ocr_line' id='line_1_12' title="bbox 30 2590 217 2663; baseline 0.016 -15"><span class='ocrx_word' id='word_1_26' title='bbox 30 2607 73 2663; x_wconf 83' lang='lat' dir='ltr'><strong>po</strong></span> <span class='ocrx_word' id='word_1_27' title='bbox 107 2590 217 2651; x_wconf 78' lang='lat' dir='ltr'><strong>bokach</strong></span> 
     </span>
     <span class='ocr_line' id='line_1_13' title="bbox 13 2683 218 2755; baseline 0.02 -19"><span class='ocrx_word' id='word_1_28' title='bbox 13 2722 15 2725; x_wconf 26' lang='grc' dir='ltr'>ψ</span> <span class='ocrx_word' id='word_1_29' title='bbox 52 2697 98 2736; x_wconf 73' lang='grc' dir='ltr'><strong>ιιι</strong></span> <span class='ocrx_word' id='word_1_30' title='bbox 126 2683 218 2755; x_wconf 70' lang='lat' dir='ltr'><strong>putu</strong></span> 
     </span>
     <span class='ocr_line' id='line_1_14' title="bbox 20 2772 217 2827; baseline 0.015 -3"><span class='ocrx_word' id='word_1_31' title='bbox 20 2773 165 2826; x_wconf 75' lang='lat' dir='ltr'><strong>canonici</strong></span> <span class='ocrx_word' id='word_1_32' title='bbox 183 2772 217 2827; x_wconf 81' lang='lat' dir='ltr'><strong>tlt·</strong></span> 
     </span>
     <span class='ocr_line' id='line_1_15' title="bbox 19 2861 214 2926; baseline 0.036 -11"><span class='ocrx_word' id='word_1_33' title='bbox 19 2861 54 2924; x_wconf 94' lang='lat' dir='ltr'><strong>i,</strong></span> <span class='ocrx_word' id='word_1_34' title='bbox 78 2863 140 2926; x_wconf 73' lang='lat'><strong>23),</strong></span> <span class='ocrx_word' id='word_1_35' title='bbox 162 2863 214 2923; x_wconf 79' lang='lat' dir='ltr'><strong>‘.&#39;tt.</strong></span> 
     </span>
     <span class='ocr_line' id='line_1_16' title="bbox 23 2950 213 3022; baseline 0 -17"><span class='ocrx_word' id='word_1_36' title='bbox 23 2950 80 3005; x_wconf 66' lang='lat' dir='ltr'><strong>ba</strong></span> <span class='ocrx_word' id='word_1_37' title='bbox 102 2952 213 3022; x_wconf 67' lang='lat' dir='ltr'><strong>nuptu,</strong></span> 
     </span>
     <span class='ocr_line' id='line_1_17' title="bbox 14 3039 209 3112; baseline 0.036 -18"><span class='ocrx_word' id='word_1_38' title='bbox 14 3039 115 3112; x_wconf 60' lang='grc' dir='ltr'><strong>μὴ</strong></span> <span class='ocrx_word' id='word_1_39' title='bbox 134 3039 209 3103; x_wconf 73' lang='lat' dir='ltr'><strong>brak.</strong></span> 
     </span>
    </p>
   </div>
   <div class='ocr_carea' id='block_1_5' title="bbox 1875 515 1988 586">
    <p class='ocr_par' dir='ltr' id='par_1_5' title="bbox 1875 515 1988 586">
     <span class='ocr_line' id='line_1_18' title="bbox 1875 515 1988 586; baseline -0.018 0"><span class='ocrx_word' id='word_1_40' title='bbox 1875 515 1988 586; x_wconf 84' lang='lat' dir='ltr'><strong>·1oc</strong></span> 
     </span>
    </p>
   </div>
   <div class='ocr_carea' id='block_1_6' title="bbox 453 713 1989 1034">
    <p class='ocr_par' dir='ltr' id='par_1_6' title="bbox 453 713 1989 1034">
     <span class='ocr_line' id='line_1_19' title="bbox 456 713 1989 808; baseline -0.01 -10"><span class='ocrx_word' id='word_1_41' title='bbox 456 724 497 804; x_wconf 77' lang='lat' dir='ltr'><strong>ad</strong></span> <span class='ocrx_word' id='word_1_42' title='bbox 532 718 682 792; x_wconf 85' lang='lat' dir='ltr'><strong>eandem</strong></span> <span class='ocrx_word' id='word_1_43' title='bbox 715 717 950 792; x_wconf 77' lang='lat' dir='ltr'><strong>hereditatem</strong></span> <span class='ocrx_word' id='word_1_44' title='bbox 989 719 1250 805; x_wconf 75' lang='lat' dir='ltr'><strong>Posupentlrne</strong></span> <span class='ocrx_word' id='word_1_45' title='bbox 1283 715 1554 808; x_wconf 88' lang='lat' dir='ltr'><strong>pertinentibus,</strong></span> <span class='ocrx_word' id='word_1_46' title='bbox 1594 713 1682 786; x_wconf 88' lang='lat' dir='ltr'><strong>nihil</strong></span> <span class='ocrx_word' id='word_1_47' title='bbox 1718 715 1862 807; x_wconf 88' lang='lat' dir='ltr'><strong>penitus</strong></span> <span class='ocrx_word' id='word_1_48' title='bbox 1900 713 1989 782; x_wconf 89' lang='lat' dir='ltr'><strong>iuris</strong></span> 
     </span>
     <span class='ocr_line' id='line_1_20' title="bbox 453 817 1988 919; baseline -0.007 -18"><span class='ocrx_word' id='word_1_49' title='bbox 453 841 486 911; x_wconf 68' lang='lat' dir='ltr'><strong>et</strong></span> <span class='ocrx_word' id='word_1_50' title='bbox 508 829 654 918; x_wconf 75' lang='lat' dir='ltr'><strong>dominii</strong></span> <span class='ocrx_word' id='word_1_51' title='bbox 681 847 744 918; x_wconf 93' lang='lat' dir='ltr'><strong>pro</strong></span> <span class='ocrx_word' id='word_1_52' title='bbox 768 847 807 898; x_wconf 88' lang='lat' dir='ltr'><strong>se</strong></span> <span class='ocrx_word' id='word_1_53' title='bbox 832 831 866 898; x_wconf 90' lang='lat' dir='ltr'><strong>el</strong></span> <span class='ocrx_word' id='word_1_54' title='bbox 891 819 1012 898; x_wconf 89' lang='lat' dir='ltr'><strong>eouun</strong></span> <span class='ocrx_word' id='word_1_55' title='bbox 1028 824 1296 896; x_wconf 73' lang='lat' dir='ltr'><strong>antecessoribus</strong></span> <span class='ocrx_word' id='word_1_56' title='bbox 1319 825 1560 919; x_wconf 81' lang='lat' dir='ltr'><strong>relinquentes</strong></span> <span class='ocrx_word' id='word_1_57' title='bbox 1576 821 1773 894; x_wconf 88' lang='lat' dir='ltr'><strong>hereditate</strong></span> <span class='ocrx_word' id='word_1_58' title='bbox 1797 824 1834 892; x_wconf 91' lang='lat' dir='ltr'><strong>in</strong></span> <span class='ocrx_word' id='word_1_59' title='bbox 1851 817 1988 902; x_wconf 90' lang='lat' dir='ltr'><strong>cadom,</strong></span> 
     </span>
     <span class='ocr_line' id='line_1_21' title="bbox 454 927 1989 1034; baseline -0.011 -20"><span class='ocrx_word' id='word_1_60' title='bbox 454 938 558 1020; x_wconf 89' lang='lat' dir='ltr'><strong>nobili</strong></span> <span class='ocrx_word' id='word_1_61' title='bbox 595 936 670 1007; x_wconf 80' lang='lat' dir='ltr'><strong>viro</strong></span> <span class='ocrx_word' id='word_1_62' title='bbox 709 933 909 1034; x_wconf 82' lang='lat' dir='ltr'><strong>Grzinteoni</strong></span> <span class='ocrx_word' id='word_1_63' title='bbox 934 933 1055 1004; x_wconf 87' lang='lat' dir='ltr'><strong>heredi</strong></span> <span class='ocrx_word' id='word_1_64' title='bbox 1093 935 1131 1004; x_wconf 90' lang='lat' dir='ltr'><strong>in</strong></span> <span class='ocrx_word' id='word_1_65' title='bbox 1164 935 1463 1032; x_wconf 79' lang='lat' dir='ltr'><strong>Golausclterctcee</strong></span> <span class='ocrx_word' id='word_1_66' title='bbox 1474 937 1499 1021; x_wconf 86' lang='lat'><strong>¹)</strong></span> <span class='ocrx_word' id='word_1_67' title='bbox 1534 952 1597 1024; x_wconf 90' lang='lat' dir='ltr'><strong>pro</strong></span> <span class='ocrx_word' id='word_1_68' title='bbox 1631 929 1756 1003; x_wconf 87' lang='lat' dir='ltr'><strong>eadent</strong></span> <span class='ocrx_word' id='word_1_69' title='bbox 1792 927 1989 1001; x_wconf 85' lang='lat' dir='ltr'><strong>hereditate</strong></span> 
     </span>
    </p>
   </div>
   <div class='ocr_carea' id='block_1_7' title="bbox 380 1036 1989 1144">
    <p class='ocr_par' dir='ltr' id='par_1_7' title="bbox 380 1036 1989 1144">
     <span class='ocr_line' id='line_1_22' title="bbox 380 1036 1989 1144; baseline -0.008 -23"><span class='ocrx_word' id='word_1_70' title='bbox 380 1081 384 1087; x_wconf 96' lang='lat'>·</span> <span class='ocrx_word' id='word_1_71' title='bbox 455 1049 563 1144; x_wconf 88' lang='lat' dir='ltr'><strong>ipsius</strong></span> <span class='ocrx_word' id='word_1_72' title='bbox 587 1044 884 1114; x_wconf 77' lang='lat' dir='ltr'><strong>Golartacheuu&#39;cze</strong></span> <span class='ocrx_word' id='word_1_73' title='bbox 908 1044 1221 1114; x_wconf 85' lang='lat' dir='ltr'><strong>commntanerunt</strong></span> <span class='ocrx_word' id='word_1_74' title='bbox 1248 1045 1284 1112; x_wconf 90' lang='lat' dir='ltr'><strong>et</strong></span> <span class='ocrx_word' id='word_1_75' title='bbox 1307 1043 1594 1130; x_wconf 81' lang='lat' dir='ltr'><strong>essignauernnt,</strong></span> <span class='ocrx_word' id='word_1_76' title='bbox 1626 1059 1689 1131; x_wconf 85' lang='lat' dir='ltr'><strong>per</strong></span> <span class='ocrx_word' id='word_1_77' title='bbox 1712 1041 1831 1132; x_wconf 90' lang='lat' dir='ltr'><strong>ipsum</strong></span> <span class='ocrx_word' id='word_1_78' title='bbox 1856 1036 1989 1108; x_wconf 84' lang='lat' dir='ltr'><strong>Grzim·</strong></span> 
     </span>
    </p>
   </div>
   <div class='ocr_carea' id='block_1_8' title="bbox 450 1145 1989 1889">
    <p class='ocr_par' dir='ltr' id='par_1_8' title="bbox 450 1145 1989 1889">
     <span class='ocr_line' id='line_1_23' title="bbox 454 1145 1989 1242; baseline -0.01 -13"><span class='ocrx_word' id='word_1_79' title='bbox 454 1172 574 1230; x_wconf 91' lang='lat' dir='ltr'><strong>concm</strong></span> <span class='ocrx_word' id='word_1_80' title='bbox 599 1154 635 1222; x_wconf 92' lang='lat' dir='ltr'><strong>ct</strong></span> <span class='ocrx_word' id='word_1_81' title='bbox 657 1163 743 1222; x_wconf 89' lang='lat' dir='ltr'><strong>suos</strong></span> <span class='ocrx_word' id='word_1_82' title='bbox 766 1156 927 1242; x_wconf 87' lang='lat' dir='ltr'><strong>posteros</strong></span> <span class='ocrx_word' id='word_1_83' title='bbox 951 1150 1146 1237; x_wconf 69' lang='lat' dir='ltr'><strong>legittimae</strong></span> <span class='ocrx_word' id='word_1_84' title='bbox 1163 1147 1365 1232; x_wconf 85' lang='lat' dir='ltr'><strong>tenendam,</strong></span> <span class='ocrx_word' id='word_1_85' title='bbox 1390 1147 1603 1233; x_wconf 91' lang='lat' dir='ltr'><strong>habendam,</strong></span> <span class='ocrx_word' id='word_1_86' title='bbox 1627 1145 1880 1228; x_wconf 78' lang='lat' dir='ltr'><strong>vtliruendom,</strong></span> <span class='ocrx_word' id='word_1_87' title='bbox 1905 1163 1989 1216; x_wconf 78' lang='lat' dir='ltr'><strong>ven·</strong></span> 
     </span>
     <span class='ocr_line' id='line_1_24' title="bbox 452 1253 1988 1348; baseline -0.01 -10"><span class='ocrx_word' id='word_1_88' title='bbox 452 1259 602 1338; x_wconf 88' lang='lat' dir='ltr'><strong>dendam</strong></span> <span class='ocrx_word' id='word_1_89' title='bbox 631 1264 667 1328; x_wconf 92' lang='lat' dir='ltr'><strong>et</strong></span> <span class='ocrx_word' id='word_1_90' title='bbox 690 1260 727 1330; x_wconf 89' lang='lat' dir='ltr'><strong>in</strong></span> <span class='ocrx_word' id='word_1_91' title='bbox 750 1279 838 1329; x_wconf 79' lang='lat' dir='ltr'><strong>usus</strong></span> <span class='ocrx_word' id='word_1_92' title='bbox 870 1259 946 1328; x_wconf 83' lang='lat' dir='ltr'><strong>eins</strong></span> <span class='ocrx_word' id='word_1_93' title='bbox 970 1257 1211 1348; x_wconf 88' lang='lat' dir='ltr'><strong>beneplacitos</strong></span> <span class='ocrx_word' id='word_1_94' title='bbox 1236 1255 1523 1340; x_wconf 71' lang='lat' dir='ltr'><strong>commitendam,</strong></span> <span class='ocrx_word' id='word_1_95' title='bbox 1556 1277 1674 1328; x_wconf 86' lang='lat' dir='ltr'><strong>coram</strong></span> <span class='ocrx_word' id='word_1_96' title='bbox 1705 1255 1806 1326; x_wconf 93' lang='lat' dir='ltr'><strong>nobis</strong></span> <span class='ocrx_word' id='word_1_97' title='bbox 1829 1253 1988 1346; x_wconf 83' lang='lat' dir='ltr'><strong>plenarie</strong></span> 
     </span>
     <span class='ocr_line' id='line_1_25' title="bbox 452 1361 1989 1458; baseline -0.007 -16"><span class='ocrx_word' id='word_1_98' title='bbox 452 1370 721 1458; x_wconf 84' lang='lat' dir='ltr'><strong>resignauernnt</strong></span> <span class='ocrx_word' id='word_1_99' title='bbox 758 1367 834 1437; x_wconf 83' lang='lat' dir='ltr'><strong>iure</strong></span> <span class='ocrx_word' id='word_1_100' title='bbox 871 1364 1083 1436; x_wconf 81' lang='lat' dir='ltr'><strong>hereditatio</strong></span> <span class='ocrx_word' id='word_1_101' title='bbox 1122 1365 1341 1456; x_wconf 88' lang='lat' dir='ltr'><strong>temporibus</strong></span> <span class='ocrx_word' id='word_1_102' title='bbox 1377 1367 1558 1456; x_wconf 86' lang='lat' dir='ltr'><strong>perpetuis</strong></span> <span class='ocrx_word' id='word_1_103' title='bbox 1597 1361 1861 1456; x_wconf 84' lang='lat' dir='ltr'><strong>possidendam.</strong></span> <span class='ocrx_word' id='word_1_104' title='bbox 1908 1361 1989 1453; x_wconf 86' lang='lat' dir='ltr'><strong>lpse</strong></span> 
     </span>
     <span class='ocr_line' id='line_1_26' title="bbox 450 1471 1989 1566; baseline -0.007 -16"><span class='ocrx_word' id='word_1_105' title='bbox 450 1497 530 1550; x_wconf 81' lang='lat' dir='ltr'><strong>uero</strong></span> <span class='ocrx_word' id='word_1_106' title='bbox 556 1472 716 1546; x_wconf 79' lang='lat' dir='ltr'><strong>Grnimco</strong></span> <span class='ocrx_word' id='word_1_107' title='bbox 740 1473 901 1566; x_wconf 83' lang='lat' dir='ltr'><strong>prelatus</strong></span> <span class='ocrx_word' id='word_1_108' title='bbox 925 1473 1094 1564; x_wconf 85' lang='lat' dir='ltr'><strong>berrinole</strong></span> <span class='ocrx_word' id='word_1_109' title='bbox 1124 1479 1335 1562; x_wconf 87' lang='lat' dir='ltr'><strong>maturaque</strong></span> <span class='ocrx_word' id='word_1_110' title='bbox 1368 1475 1478 1544; x_wconf 87' lang='lat' dir='ltr'><strong>animi</strong></span> <span class='ocrx_word' id='word_1_111' title='bbox 1508 1475 1622 1564; x_wconf 89' lang='lat' dir='ltr'><strong>ipsius</strong></span> <span class='ocrx_word' id='word_1_112' title='bbox 1653 1471 1912 1543; x_wconf 83' lang='lat' dir='ltr'><strong>deliberacione</strong></span> <span class='ocrx_word' id='word_1_113' title='bbox 1945 1489 1989 1539; x_wconf 89' lang='lat' dir='ltr'><strong>ac</strong></span> 
     </span>
     <span class='ocr_line' id='line_1_27' title="bbox 452 1575 1987 1672; baseline -0.008 -12"><span class='ocrx_word' id='word_1_114' title='bbox 452 1582 594 1660; x_wconf 89' lang='lat' dir='ltr'><strong>consilio</strong></span> <span class='ocrx_word' id='word_1_115' title='bbox 629 1583 826 1654; x_wconf 82' lang='lat' dir='ltr'><strong>anticorum</strong></span> <span class='ocrx_word' id='word_1_116' title='bbox 850 1602 996 1653; x_wconf 87' lang='lat' dir='ltr'><strong>suerunt</strong></span> <span class='ocrx_word' id='word_1_117' title='bbox 1021 1601 1108 1652; x_wconf 81' lang='lat' dir='ltr'><strong>salto</strong></span> <span class='ocrx_word' id='word_1_118' title='bbox 1133 1579 1318 1672; x_wconf 87' lang='lat' dir='ltr'><strong>prehabito</strong></span> <span class='ocrx_word' id='word_1_119' title='bbox 1343 1579 1493 1652; x_wconf 86' lang='lat' dir='ltr'><strong>eatrdem</strong></span> <span class='ocrx_word' id='word_1_120' title='bbox 1525 1586 1637 1652; x_wconf 87' lang='lat' dir='ltr'><strong>totam</strong></span> <span class='ocrx_word' id='word_1_121' title='bbox 1668 1581 1782 1670; x_wconf 87' lang='lat' dir='ltr'><strong>ipsius</strong></span> <span class='ocrx_word' id='word_1_122' title='bbox 1813 1575 1987 1649; x_wconf 85' lang='lat' dir='ltr'><strong>heredita·</strong></span> 
     </span>
     <span class='ocr_line' id='line_1_28' title="bbox 453 1685 1988 1781; baseline -0.008 -15"><span class='ocrx_word' id='word_1_123' title='bbox 453 1703 523 1770; x_wconf 87' lang='lat' dir='ltr'><strong>tem</strong></span> <span class='ocrx_word' id='word_1_124' title='bbox 547 1691 844 1762; x_wconf 76' lang='lat' dir='ltr'><strong>Gotanachercicze</strong></span> <span class='ocrx_word' id='word_1_125' title='bbox 878 1707 961 1760; x_wconf 91' lang='lat' dir='ltr'><strong>cum</strong></span> <span class='ocrx_word' id='word_1_126' title='bbox 992 1692 1087 1760; x_wconf 85' lang='lat' dir='ltr'><strong>ontrri</strong></span> <span class='ocrx_word' id='word_1_127' title='bbox 1121 1691 1198 1760; x_wconf 88' lang='lat' dir='ltr'><strong>iure</strong></span> <span class='ocrx_word' id='word_1_128' title='bbox 1229 1693 1265 1760; x_wconf 89' lang='lat' dir='ltr'><strong>ct</strong></span> <span class='ocrx_word' id='word_1_129' title='bbox 1288 1689 1392 1781; x_wconf 87' lang='lat' dir='ltr'><strong>pleno</strong></span> <span class='ocrx_word' id='word_1_130' title='bbox 1417 1689 1584 1773; x_wconf 91' lang='lat' dir='ltr'><strong>dominio,</strong></span> <span class='ocrx_word' id='word_1_131' title='bbox 1620 1685 1727 1759; x_wconf 77' lang='lat' dir='ltr'><strong>velud</strong></span> <span class='ocrx_word' id='word_1_132' title='bbox 1750 1685 1848 1758; x_wconf 89' lang='lat' dir='ltr'><strong>solas</strong></span> <span class='ocrx_word' id='word_1_133' title='bbox 1872 1687 1988 1756; x_wconf 89' lang='lat' dir='ltr'><strong>tenuit</strong></span> 
     </span>
     <span class='ocr_line' id='line_1_29' title="bbox 451 1793 1986 1889; baseline -0.007 -15"><span class='ocrx_word' id='word_1_134' title='bbox 451 1807 484 1874; x_wconf 87' lang='lat' dir='ltr'><strong>et</strong></span> <span class='ocrx_word' id='word_1_135' title='bbox 498 1797 709 1872; x_wconf 87' lang='lat' dir='ltr'><strong>hereditarie</strong></span> <span class='ocrx_word' id='word_1_136' title='bbox 724 1796 859 1880; x_wconf 83' lang='lat' dir='ltr'><strong>habuit,</strong></span> <span class='ocrx_word' id='word_1_137' title='bbox 885 1795 999 1868; x_wconf 89' lang='lat' dir='ltr'><strong>eidenr</strong></span> <span class='ocrx_word' id='word_1_138' title='bbox 1016 1796 1314 1868; x_wconf 88' lang='lat' dir='ltr'><strong>reuerendissimo</strong></span> <span class='ocrx_word' id='word_1_139' title='bbox 1329 1799 1366 1866; x_wconf 92' lang='lat' dir='ltr'><strong>in</strong></span> <span class='ocrx_word' id='word_1_140' title='bbox 1382 1796 1521 1888; x_wconf 86' lang='lat' dir='ltr'><strong>Christo</strong></span> <span class='ocrx_word' id='word_1_141' title='bbox 1545 1797 1658 1889; x_wconf 73' lang='lat' dir='ltr'><strong>patri,</strong></span> <span class='ocrx_word' id='word_1_142' title='bbox 1673 1794 1817 1866; x_wconf 88' lang='lat' dir='ltr'><strong>domino</strong></span> <span class='ocrx_word' id='word_1_143' title='bbox 1839 1793 1986 1864; x_wconf 79' lang='lat' dir='ltr'><strong>Alberto</strong></span> 
     </span>
    </p>
   </div>
   <div class='ocr_carea' id='block_1_9' title="bbox 385 1901 1987 2002">
    <p class='ocr_par' dir='ltr' id='par_1_9' title="bbox 385 1901 1987 2002">
     <span class='ocr_line' id='line_1_30' title="bbox 385 1901 1987 2002; baseline -0.007 -18"><span class='ocrx_word' id='word_1_144' title='bbox 385 1953 387 1960; x_wconf 71' lang='lat'><strong>,</strong></span> <span class='ocrx_word' id='word_1_145' title='bbox 452 1911 613 2002; x_wconf 89' lang='lat' dir='ltr'><strong>episcopo</strong></span> <span class='ocrx_word' id='word_1_146' title='bbox 649 1925 691 1976; x_wconf 88' lang='lat' dir='ltr'><strong>ae</strong></span> <span class='ocrx_word' id='word_1_147' title='bbox 726 1906 790 1976; x_wconf 89' lang='lat' dir='ltr'><strong>toti</strong></span> <span class='ocrx_word' id='word_1_148' title='bbox 821 1906 976 1996; x_wconf 89' lang='lat' dir='ltr'><strong>capitulo</strong></span> <span class='ocrx_word' id='word_1_149' title='bbox 1010 1905 1243 1976; x_wconf 89' lang='lat' dir='ltr'><strong>Poznanieusi</strong></span> <span class='ocrx_word' id='word_1_150' title='bbox 1281 1925 1345 1998; x_wconf 86' lang='lat' dir='ltr'><strong>pro</strong></span> <span class='ocrx_word' id='word_1_151' title='bbox 1383 1905 1564 1976; x_wconf 87' lang='lat' dir='ltr'><strong>antedicta</strong></span> <span class='ocrx_word' id='word_1_152' title='bbox 1596 1907 1756 1995; x_wconf 89' lang='lat' dir='ltr'><strong>ipsorum</strong></span> <span class='ocrx_word' id='word_1_153' title='bbox 1790 1901 1987 1973; x_wconf 86' lang='lat' dir='ltr'><strong>hereditate</strong></span> 
     </span>
    </p>
   </div>
   <div class='ocr_carea' id='block_1_10' title="bbox 449 2010 1989 4265">
    <p class='ocr_par' dir='ltr' id='par_1_10' title="bbox 449 2010 1989 4265">
     <span class='ocr_line' id='line_1_31' title="bbox 451 2010 1987 2104; baseline -0.005 -15"><span class='ocrx_word' id='word_1_154' title='bbox 451 2018 706 2104; x_wconf 75' lang='lat' dir='ltr'><strong>Poarcpantlnte</strong></span> <span class='ocrx_word' id='word_1_155' title='bbox 730 2011 828 2084; x_wconf 83' lang='lat' dir='ltr'><strong>dedit</strong></span> <span class='ocrx_word' id='word_1_156' title='bbox 852 2017 887 2082; x_wconf 92' lang='lat' dir='ltr'><strong>et</strong></span> <span class='ocrx_word' id='word_1_157' title='bbox 910 2014 1146 2084; x_wconf 91' lang='lat' dir='ltr'><strong>commutauit</strong></span> <span class='ocrx_word' id='word_1_158' title='bbox 1169 2017 1205 2084; x_wconf 92' lang='lat' dir='ltr'><strong>et</strong></span> <span class='ocrx_word' id='word_1_159' title='bbox 1229 2033 1311 2084; x_wconf 90' lang='lat' dir='ltr'><strong>curn</strong></span> <span class='ocrx_word' id='word_1_160' title='bbox 1336 2013 1501 2084; x_wconf 80' lang='lat' dir='ltr'><strong>omnibus</strong></span> <span class='ocrx_word' id='word_1_161' title='bbox 1525 2013 1660 2096; x_wconf 78' lang='lat' dir='ltr'><strong>esibus,</strong></span> <span class='ocrx_word' id='word_1_162' title='bbox 1692 2010 1879 2094; x_wconf 85' lang='lat' dir='ltr'><strong>fructibus,</strong></span> <span class='ocrx_word' id='word_1_163' title='bbox 1909 2029 1987 2102; x_wconf 94' lang='lat' dir='ltr'><strong>pro·</strong></span> 
     </span>
     <span class='ocr_line' id='line_1_32' title="bbox 452 2118 1986 2213; baseline -0.005 -16"><span class='ocrx_word' id='word_1_164' title='bbox 452 2121 626 2204; x_wconf 87' lang='lat' dir='ltr'><strong>uentibus,</strong></span> <span class='ocrx_word' id='word_1_165' title='bbox 650 2119 829 2206; x_wconf 73' lang='lat' dir='ltr'><strong>censione,</strong></span> <span class='ocrx_word' id='word_1_166' title='bbox 853 2118 1062 2205; x_wconf 70' lang='lat' dir='ltr'><strong>redditibus</strong></span> <span class='ocrx_word' id='word_1_167' title='bbox 1084 2123 1198 2210; x_wconf 86' lang='lat' dir='ltr'><strong>agris,</strong></span> <span class='ocrx_word' id='word_1_168' title='bbox 1208 2125 1330 2213; x_wconf 88' lang='lat' dir='ltr'><strong>pratis,</strong></span> <span class='ocrx_word' id='word_1_169' title='bbox 1347 2123 1531 2212; x_wconf 88' lang='lat' dir='ltr'><strong>campanis</strong></span> <span class='ocrx_word' id='word_1_170' title='bbox 1542 2123 1598 2209; x_wconf 89' lang='lat' dir='ltr'><strong>(e),</strong></span> <span class='ocrx_word' id='word_1_171' title='bbox 1623 2121 1779 2212; x_wconf 84' lang='lat' dir='ltr'><strong>pascuis,</strong></span> <span class='ocrx_word' id='word_1_172' title='bbox 1804 2119 1906 2190; x_wconf 89' lang='lat' dir='ltr'><strong>siluis</strong></span> <span class='ocrx_word' id='word_1_173' title='bbox 1919 2125 1986 2192; x_wconf 88' lang='lat' dir='ltr'><strong>etc.</strong></span> 
     </span>
     <span class='ocr_line' id='line_1_33' title="bbox 454 2227 1987 2320; baseline -0.003 -16"><span class='ocrx_word' id='word_1_174' title='bbox 454 2239 487 2304; x_wconf 88' lang='lat' dir='ltr'><strong>et</strong></span> <span class='ocrx_word' id='word_1_175' title='bbox 507 2227 720 2320; x_wconf 79' lang='lat' dir='ltr'><strong>generaliter</strong></span> <span class='ocrx_word' id='word_1_176' title='bbox 753 2248 837 2300; x_wconf 91' lang='lat' dir='ltr'><strong>cum</strong></span> <span class='ocrx_word' id='word_1_177' title='bbox 859 2229 1012 2318; x_wconf 80' lang='lat' dir='ltr'><strong>singulis</strong></span> <span class='ocrx_word' id='word_1_178' title='bbox 1036 2227 1250 2300; x_wconf 74' lang='lat' dir='ltr'><strong>utilitatibus</strong></span> <span class='ocrx_word' id='word_1_179' title='bbox 1281 2231 1530 2320; x_wconf 76' lang='lat' dir='ltr'><strong>uniuersisque</strong></span> <span class='ocrx_word' id='word_1_180' title='bbox 1561 2229 1795 2320; x_wconf 82' lang='lat' dir='ltr'><strong>pertinencijs</strong></span> <span class='ocrx_word' id='word_1_181' title='bbox 1825 2234 1862 2298; x_wconf 90' lang='lat' dir='ltr'><strong>et</strong></span> <span class='ocrx_word' id='word_1_182' title='bbox 1892 2227 1987 2300; x_wconf 88' lang='lat' dir='ltr'><strong>adia·</strong></span> 
     </span>
     <span class='ocr_line' id='line_1_34' title="bbox 452 2334 1989 2429; baseline -0.003 -19"><span class='ocrx_word' id='word_1_183' title='bbox 452 2338 591 2428; x_wconf 86' lang='lat' dir='ltr'><strong>eenctjs,</strong></span> <span class='ocrx_word' id='word_1_184' title='bbox 623 2334 875 2427; x_wconf 82' lang='lat' dir='ltr'><strong>qualicumque</strong></span> <span class='ocrx_word' id='word_1_185' title='bbox 907 2335 1011 2407; x_wconf 89' lang='lat' dir='ltr'><strong>modo</strong></span> <span class='ocrx_word' id='word_1_186' title='bbox 1043 2336 1089 2408; x_wconf 89' lang='lat' dir='ltr'><strong>ad</strong></span> <span class='ocrx_word' id='word_1_187' title='bbox 1113 2335 1264 2408; x_wconf 87' lang='lat' dir='ltr'><strong>candem</strong></span> <span class='ocrx_word' id='word_1_188' title='bbox 1288 2339 1401 2429; x_wconf 86' lang='lat' dir='ltr'><strong>ipsius</strong></span> <span class='ocrx_word' id='word_1_189' title='bbox 1425 2335 1661 2408; x_wconf 81' lang='lat' dir='ltr'><strong>hereditatem</strong></span> <span class='ocrx_word' id='word_1_190' title='bbox 1690 2339 1989 2408; x_wconf 81' lang='lat' dir='ltr'><strong>Golnrrschewicze</strong></span> 
     </span>
     <span class='ocr_line' id='line_1_35' title="bbox 452 2443 1988 2540; baseline -0.001 -23"><span class='ocrx_word' id='word_1_191' title='bbox 452 2443 717 2540; x_wconf 84' lang='lat' dir='ltr'><strong>pertinentibus,</strong></span> <span class='ocrx_word' id='word_1_192' title='bbox 742 2443 852 2515; x_wconf 86' lang='lat' dir='ltr'><strong>nichil</strong></span> <span class='ocrx_word' id='word_1_193' title='bbox 875 2447 1020 2536; x_wconf 88' lang='lat' dir='ltr'><strong>penitus</strong></span> <span class='ocrx_word' id='word_1_194' title='bbox 1044 2448 1133 2516; x_wconf 86' lang='lat' dir='ltr'><strong>iuris</strong></span> <span class='ocrx_word' id='word_1_195' title='bbox 1157 2448 1193 2516; x_wconf 89' lang='lat' dir='ltr'><strong>et</strong></span> <span class='ocrx_word' id='word_1_196' title='bbox 1217 2445 1363 2536; x_wconf 86' lang='lat' dir='ltr'><strong>dorninij</strong></span> <span class='ocrx_word' id='word_1_197' title='bbox 1389 2463 1454 2537; x_wconf 92' lang='lat' dir='ltr'><strong>pro</strong></span> <span class='ocrx_word' id='word_1_198' title='bbox 1477 2465 1517 2516; x_wconf 88' lang='lat' dir='ltr'><strong>se</strong></span> <span class='ocrx_word' id='word_1_199' title='bbox 1540 2449 1577 2516; x_wconf 90' lang='lat' dir='ltr'><strong>et</strong></span> <span class='ocrx_word' id='word_1_200' title='bbox 1599 2447 1675 2516; x_wconf 86' lang='lat' dir='ltr'><strong>suis</strong></span> <span class='ocrx_word' id='word_1_201' title='bbox 1699 2445 1885 2532; x_wconf 80' lang='lat' dir='ltr'><strong>legittimis</strong></span> <span class='ocrx_word' id='word_1_202' title='bbox 1909 2465 1988 2516; x_wconf 90' lang='lat' dir='ltr'><strong>suc·</strong></span> 
     </span>
     <span class='ocr_line' id='line_1_36' title="bbox 451 2550 1987 2642; baseline -0.001 -16"><span class='ocrx_word' id='word_1_203' title='bbox 451 2550 645 2626; x_wconf 75' lang='lat' dir='ltr'><strong>censoribus</strong></span> <span class='ocrx_word' id='word_1_204' title='bbox 669 2554 764 2623; x_wconf 89' lang='lat' dir='ltr'><strong>natis</strong></span> <span class='ocrx_word' id='word_1_205' title='bbox 788 2571 830 2624; x_wconf 89' lang='lat' dir='ltr'><strong>ac</strong></span> <span class='ocrx_word' id='word_1_206' title='bbox 854 2552 1043 2623; x_wconf 81' lang='lat' dir='ltr'><strong>nascendis</strong></span> <span class='ocrx_word' id='word_1_207' title='bbox 1069 2554 1271 2642; x_wconf 86' lang='lat' dir='ltr'><strong>relinquens</strong></span> <span class='ocrx_word' id='word_1_208' title='bbox 1297 2560 1331 2624; x_wconf 90' lang='lat' dir='ltr'><strong>et</strong></span> <span class='ocrx_word' id='word_1_209' title='bbox 1355 2571 1544 2624; x_wconf 85' lang='lat' dir='ltr'><strong>reseruans</strong></span> <span class='ocrx_word' id='word_1_210' title='bbox 1567 2551 1765 2624; x_wconf 89' lang='lat' dir='ltr'><strong>hereditate</strong></span> <span class='ocrx_word' id='word_1_211' title='bbox 1788 2555 1826 2623; x_wconf 93' lang='lat' dir='ltr'><strong>in</strong></span> <span class='ocrx_word' id='word_1_212' title='bbox 1850 2550 1987 2636; x_wconf 90' lang='lat' dir='ltr'><strong>eadem,</strong></span> 
     </span>
     <span class='ocr_line' id='line_1_37' title="bbox 452 2659 1988 2754; baseline -0.001 -22"><span class='ocrx_word' id='word_1_213' title='bbox 452 2662 552 2754; x_wconf 89' lang='lat' dir='ltr'><strong>prout</strong></span> <span class='ocrx_word' id='word_1_214' title='bbox 583 2661 696 2730; x_wconf 85' lang='lat' dir='ltr'><strong>eciam</strong></span> <span class='ocrx_word' id='word_1_215' title='bbox 728 2662 806 2752; x_wconf 88' lang='lat' dir='ltr'><strong>ipsu</strong></span> <span class='ocrx_word' id='word_1_216' title='bbox 839 2660 1017 2732; x_wconf 82' lang='lat' dir='ltr'><strong>hereditas</strong></span> <span class='ocrx_word' id='word_1_217' title='bbox 1049 2663 1412 2732; x_wconf 70' lang='lat' dir='ltr'><strong>Gotoneclreulczain</strong></span> <span class='ocrx_word' id='word_1_218' title='bbox 1443 2663 1519 2732; x_wconf 89' lang='lat' dir='ltr'><strong>suis</strong></span> <span class='ocrx_word' id='word_1_219' title='bbox 1550 2663 1657 2733; x_wconf 80' lang='lat' dir='ltr'><strong>metis</strong></span> <span class='ocrx_word' id='word_1_220' title='bbox 1687 2665 1724 2732; x_wconf 90' lang='lat' dir='ltr'><strong>et</strong></span> <span class='ocrx_word' id='word_1_221' title='bbox 1745 2661 1918 2752; x_wconf 64' lang='lat' dir='ltr'><strong>molliciis</strong></span> <span class='ocrx_word' id='word_1_222' title='bbox 1942 2659 1988 2730; x_wconf 86' lang='lat' dir='ltr'><strong>ab</strong></span> 
     </span>
     <span class='ocr_line' id='line_1_38' title="bbox 453 2765 1988 2860; baseline 0.001 -21"><span class='ocrx_word' id='word_1_223' title='bbox 453 2769 529 2860; x_wconf 77' lang='lat' dir='ltr'><strong>alijs</strong></span> <span class='ocrx_word' id='word_1_224' title='bbox 552 2765 811 2839; x_wconf 90' lang='lat' dir='ltr'><strong>hereditatibus</strong></span> <span class='ocrx_word' id='word_1_225' title='bbox 836 2773 890 2838; x_wconf 87' lang='lat' dir='ltr'><strong>est</strong></span> <span class='ocrx_word' id='word_1_226' title='bbox 923 2767 1298 2858; x_wconf 80' lang='lat' dir='ltr'><strong>circumferenclaliter</strong></span> <span class='ocrx_word' id='word_1_227' title='bbox 1316 2768 1486 2840; x_wconf 87' lang='lat' dir='ltr'><strong>distincta</strong></span> <span class='ocrx_word' id='word_1_228' title='bbox 1500 2775 1537 2840; x_wconf 90' lang='lat' dir='ltr'><strong>et</strong></span> <span class='ocrx_word' id='word_1_229' title='bbox 1551 2768 1715 2854; x_wconf 86' lang='lat' dir='ltr'><strong>limitata,</strong></span> <span class='ocrx_word' id='word_1_230' title='bbox 1740 2787 1861 2840; x_wconf 89' lang='lat' dir='ltr'><strong>coram</strong></span> <span class='ocrx_word' id='word_1_231' title='bbox 1884 2767 1988 2840; x_wconf 87' lang='lat' dir='ltr'><strong>nobis</strong></span> 
     </span>
     <span class='ocr_line' id='line_1_39' title="bbox 451 2875 1987 2969; baseline 0 -23"><span class='ocrx_word' id='word_1_232' title='bbox 451 2877 601 2968; x_wconf 82' lang='lat' dir='ltr'><strong>plenarie</strong></span> <span class='ocrx_word' id='word_1_233' title='bbox 624 2876 662 2945; x_wconf 92' lang='lat' dir='ltr'><strong>in</strong></span> <span class='ocrx_word' id='word_1_234' title='bbox 685 2876 788 2946; x_wconf 90' lang='lat' dir='ltr'><strong>titulo</strong></span> <span class='ocrx_word' id='word_1_235' title='bbox 814 2878 1048 2968; x_wconf 85' lang='lat' dir='ltr'><strong>proprietatis,</strong></span> <span class='ocrx_word' id='word_1_236' title='bbox 1077 2875 1192 2962; x_wconf 90' lang='lat' dir='ltr'><strong>modo,</strong></span> <span class='ocrx_word' id='word_1_237' title='bbox 1224 2879 1300 2949; x_wconf 90' lang='lat' dir='ltr'><strong>iure</strong></span> <span class='ocrx_word' id='word_1_238' title='bbox 1330 2881 1367 2948; x_wconf 90' lang='lat' dir='ltr'><strong>ct</strong></span> <span class='ocrx_word' id='word_1_239' title='bbox 1396 2877 1522 2960; x_wconf 84' lang='lat' dir='ltr'><strong>torma,</strong></span> <span class='ocrx_word' id='word_1_240' title='bbox 1553 2876 1684 2966; x_wconf 90' lang='lat' dir='ltr'><strong>quibus</strong></span> <span class='ocrx_word' id='word_1_241' title='bbox 1707 2877 1836 2948; x_wconf 90' lang='lat' dir='ltr'><strong>melius</strong></span> <span class='ocrx_word' id='word_1_242' title='bbox 1859 2877 1987 2969; x_wconf 87' lang='lat' dir='ltr'><strong>potuit,</strong></span> 
     </span>
     <span class='ocr_line' id='line_1_40' title="bbox 451 2983 1987 3078; baseline 0.001 -24"><span class='ocrx_word' id='word_1_243' title='bbox 451 2985 707 3074; x_wconf 88' lang='lat' dir='ltr'><strong>imperpetuum</strong></span> <span class='ocrx_word' id='word_1_244' title='bbox 732 2985 930 3072; x_wconf 86' lang='lat' dir='ltr'><strong>resignault</strong></span> <span class='ocrx_word' id='word_1_245' title='bbox 953 2991 987 3054; x_wconf 91' lang='lat' dir='ltr'><strong>ct</strong></span> <span class='ocrx_word' id='word_1_246' title='bbox 1003 2983 1207 3068; x_wconf 89' lang='lat' dir='ltr'><strong>tenendam,</strong></span> <span class='ocrx_word' id='word_1_247' title='bbox 1232 2985 1445 3078; x_wconf 87' lang='lat' dir='ltr'><strong>habendam,</strong></span> <span class='ocrx_word' id='word_1_248' title='bbox 1460 2983 1726 3077; x_wconf 84' lang='lat' dir='ltr'><strong>possidendam,</strong></span> <span class='ocrx_word' id='word_1_249' title='bbox 1751 2983 1987 3068; x_wconf 83' lang='lat' dir='ltr'><strong>vendendam,</strong></span> 
     </span>
     <span class='ocr_line' id='line_1_41' title="bbox 450 3088 1988 3180; baseline 0.003 -20"><span class='ocrx_word' id='word_1_250' title='bbox 450 3088 683 3180; x_wconf 84' lang='lat' dir='ltr'><strong>obligandam,</strong></span> <span class='ocrx_word' id='word_1_251' title='bbox 719 3091 1020 3176; x_wconf 87' lang='lat' dir='ltr'><strong>commutandam,</strong></span> <span class='ocrx_word' id='word_1_252' title='bbox 1057 3091 1271 3177; x_wconf 90' lang='lat' dir='ltr'><strong>donandam,</strong></span> <span class='ocrx_word' id='word_1_253' title='bbox 1305 3091 1472 3177; x_wconf 75' lang='lat' dir='ltr'><strong>dalidam,</strong></span> <span class='ocrx_word' id='word_1_254' title='bbox 1504 3091 1731 3166; x_wconf 77' lang='lat' dir='ltr'><strong>alienandum</strong></span> <span class='ocrx_word' id='word_1_255' title='bbox 1766 3097 1803 3164; x_wconf 90' lang='lat' dir='ltr'><strong>et</strong></span> <span class='ocrx_word' id='word_1_256' title='bbox 1831 3094 1881 3164; x_wconf 78' lang='lat' dir='ltr'><strong>in·</strong></span> <span class='ocrx_word' id='word_1_257' title='bbox 1899 3112 1988 3164; x_wconf 77' lang='lat' dir='ltr'><strong>rsus</strong></span> 
     </span>
     <span class='ocr_line' id='line_1_42' title="bbox 452 3197 1988 3294; baseline 0.003 -26"><span class='ocrx_word' id='word_1_258' title='bbox 452 3197 850 3290; x_wconf 81' lang='lat' dir='ltr'><strong>corum-beneplacitos-</strong></span> <span class='ocrx_word' id='word_1_259' title='bbox 867 3200 1155 3284; x_wconf 87' lang='lat' dir='ltr'><strong>conuertendam,</strong></span> <span class='ocrx_word' id='word_1_260' title='bbox 1191 3207 1297 3293; x_wconf 88' lang='lat' dir='ltr'><strong>prout</strong></span> <span class='ocrx_word' id='word_1_261' title='bbox 1327 3200 1444 3272; x_wconf 91' lang='lat' dir='ltr'><strong>eidem</strong></span> <span class='ocrx_word' id='word_1_262' title='bbox 1474 3199 1618 3273; x_wconf 91' lang='lat' dir='ltr'><strong>domino</strong></span> <span class='ocrx_word' id='word_1_263' title='bbox 1641 3201 1805 3273; x_wconf 84' lang='lat' dir='ltr'><strong>Alberto-</strong></span> <span class='ocrx_word' id='word_1_264' title='bbox 1820 3203 1988 3294; x_wconf 86' lang='lat' dir='ltr'><strong>episcopo</strong></span> 
     </span>
     <span class='ocr_line' id='line_1_43' title="bbox 449 3305 1988 3402; baseline 0.002 -26"><span class='ocrx_word' id='word_1_265' title='bbox 449 3309 482 3376; x_wconf 86' lang='lat' dir='ltr'><strong>et</strong></span> <span class='ocrx_word' id='word_1_266' title='bbox 509 3305 666 3398; x_wconf 90' lang='lat' dir='ltr'><strong>capitulo</strong></span> <span class='ocrx_word' id='word_1_267' title='bbox 700 3327 765 3377; x_wconf 91' lang='lat' dir='ltr'><strong>suo</strong></span> <span class='ocrx_word' id='word_1_268' title='bbox 796 3306 1098 3381; x_wconf 87' lang='lat' dir='ltr'><strong>Poznanieusibus</strong></span> <span class='ocrx_word' id='word_1_269' title='bbox 1134 3308 1294 3401; x_wconf 83' lang='lat' dir='ltr'><strong>pretatis,</strong></span> <span class='ocrx_word' id='word_1_270' title='bbox 1325 3309 1448 3381; x_wconf 78' lang='lat' dir='ltr'><strong>utilius</strong></span> <span class='ocrx_word' id='word_1_271' title='bbox 1472 3313 1509 3381; x_wconf 88' lang='lat' dir='ltr'><strong>et</strong></span> <span class='ocrx_word' id='word_1_272' title='bbox 1530 3310 1660 3382; x_wconf 85' lang='lat' dir='ltr'><strong>melius</strong></span> <span class='ocrx_word' id='word_1_273' title='bbox 1683 3308 1863 3381; x_wconf 88' lang='lat' dir='ltr'><strong>videbitur</strong></span> <span class='ocrx_word' id='word_1_274' title='bbox 1885 3329 1988 3402; x_wconf 86' lang='lat' dir='ltr'><strong>expe·</strong></span> 
     </span>
     <span class='ocr_line' id='line_1_44' title="bbox 451 3409 1987 3510; baseline 0.004 -28"><span class='ocrx_word' id='word_1_275' title='bbox 451 3409 530 3483; x_wconf 90' lang='lat' dir='ltr'><strong>dire.</strong></span> <span class='ocrx_word' id='word_1_276' title='bbox 576 3411 650 3484; x_wconf 80' lang='lat' dir='ltr'><strong>Noa</strong></span> <span class='ocrx_word' id='word_1_277' title='bbox 674 3419 796 3486; x_wconf 88' lang='lat' dir='ltr'><strong>autem</strong></span> <span class='ocrx_word' id='word_1_278' title='bbox 820 3418 1143 3487; x_wconf 87' lang='lat' dir='ltr'><strong>commutacionem</strong></span> <span class='ocrx_word' id='word_1_279' title='bbox 1177 3423 1211 3488; x_wconf 92' lang='lat' dir='ltr'><strong>et</strong></span> <span class='ocrx_word' id='word_1_280' title='bbox 1240 3419 1526 3506; x_wconf 86' lang='lat' dir='ltr'><strong>resignacionem</strong></span> <span class='ocrx_word' id='word_1_281' title='bbox 1549 3416 1741 3510; x_wconf 83' lang='lat' dir='ltr'><strong>predictas,</strong></span> <span class='ocrx_word' id='word_1_282' title='bbox 1772 3419 1825 3488; x_wconf 87' lang='lat' dir='ltr'><strong>sie</strong></span> <span class='ocrx_word' id='word_1_283' title='bbox 1847 3423 1888 3488; x_wconf 81' lang='lat' dir='ltr'><strong>vt</strong></span> <span class='ocrx_word' id='word_1_284' title='bbox 1910 3436 1987 3509; x_wconf 88' lang='lat' dir='ltr'><strong>pre·</strong></span> 
     </span>
     <span class='ocr_line' id='line_1_45' title="bbox 455 3521 1986 3618; baseline 0.004 -28"><span class='ocrx_word' id='word_1_285' title='bbox 455 3521 610 3604; x_wconf 88' lang='lat' dir='ltr'><strong>mittitur,</strong></span> <span class='ocrx_word' id='word_1_286' title='bbox 635 3525 842 3613; x_wconf 87' lang='lat' dir='ltr'><strong>peremnia</strong></span> <span class='ocrx_word' id='word_1_287' title='bbox 866 3523 1038 3595; x_wconf 83' lang='lat' dir='ltr'><strong>habentes</strong></span> <span class='ocrx_word' id='word_1_288' title='bbox 1062 3531 1150 3608; x_wconf 89' lang='lat' dir='ltr'><strong>rata,</strong></span> <span class='ocrx_word' id='word_1_289' title='bbox 1174 3533 1278 3615; x_wconf 83' lang='lat' dir='ltr'><strong>grata</strong></span> <span class='ocrx_word' id='word_1_290' title='bbox 1302 3533 1408 3616; x_wconf 83' lang='lat' dir='ltr'><strong>atque</strong></span> <span class='ocrx_word' id='word_1_291' title='bbox 1424 3526 1589 3598; x_wconf 89' lang='lat' dir='ltr'><strong>beniuole</strong></span> <span class='ocrx_word' id='word_1_292' title='bbox 1603 3525 1711 3610; x_wconf 86' lang='lat' dir='ltr'><strong>locta,</strong></span> <span class='ocrx_word' id='word_1_293' title='bbox 1736 3526 1986 3618; x_wconf 87' lang='lat' dir='ltr'><strong>approbamus,</strong></span> 
     </span>
     <span class='ocr_line' id='line_1_46' title="bbox 450 3627 1985 3726; baseline 0.003 -28"><span class='ocrx_word' id='word_1_294' title='bbox 450 3627 680 3712; x_wconf 83' lang='lat' dir='ltr'><strong>ratificamus,</strong></span> <span class='ocrx_word' id='word_1_295' title='bbox 711 3629 948 3716; x_wconf 82' lang='lat' dir='ltr'><strong>affirmamus,</strong></span> <span class='ocrx_word' id='word_1_296' title='bbox 980 3637 1199 3714; x_wconf 84' lang='lat' dir='ltr'><strong>inuonamns</strong></span> <span class='ocrx_word' id='word_1_297' title='bbox 1234 3639 1269 3704; x_wconf 88' lang='lat' dir='ltr'><strong>et</strong></span> <span class='ocrx_word' id='word_1_298' title='bbox 1306 3636 1533 3726; x_wconf 82' lang='lat' dir='ltr'><strong>presencium</strong></span> <span class='ocrx_word' id='word_1_299' title='bbox 1560 3637 1694 3706; x_wconf 80' lang='lat' dir='ltr'><strong>virtute</strong></span> <span class='ocrx_word' id='word_1_300' title='bbox 1717 3633 1985 3706; x_wconf 86' lang='lat' dir='ltr'><strong>eoulicmamus.</strong></span> 
     </span>
     <span class='ocr_line' id='line_1_47' title="bbox 451 3728 1987 3833; baseline 0.006 -28"><span class='ocrx_word' id='word_1_301' title='bbox 451 3731 577 3808; x_wconf 87' lang='lat' dir='ltr'><strong>Harum</strong></span> <span class='ocrx_word' id='word_1_302' title='bbox 601 3737 731 3828; x_wconf 88' lang='lat' dir='ltr'><strong>quibus</strong></span> <span class='ocrx_word' id='word_1_303' title='bbox 755 3743 916 3810; x_wconf 90' lang='lat' dir='ltr'><strong>nostrum</strong></span> <span class='ocrx_word' id='word_1_304' title='bbox 933 3741 1092 3828; x_wconf 84' lang='lat' dir='ltr'><strong>sigillum</strong></span> <span class='ocrx_word' id='word_1_305' title='bbox 1110 3745 1313 3833; x_wconf 81' lang='lat' dir='ltr'><strong>appositum</strong></span> <span class='ocrx_word' id='word_1_306' title='bbox 1333 3747 1389 3815; x_wconf 88' lang='lat' dir='ltr'><strong>est</strong></span> <span class='ocrx_word' id='word_1_307' title='bbox 1405 3728 1609 3814; x_wconf 80' lang='lat' dir='ltr'><strong>testimonla</strong></span> <span class='ocrx_word' id='word_1_308' title='bbox 1632 3742 1826 3814; x_wconf 83' lang='lat' dir='ltr'><strong>literarum.</strong></span> <span class='ocrx_word' id='word_1_309' title='bbox 1851 3741 1987 3814; x_wconf 86' lang='lat' dir='ltr'><strong>Datum</strong></span> 
     </span>
     <span class='ocr_line' id='line_1_48' title="bbox 449 3843 1986 3944; baseline 0.007 -33"><span class='ocrx_word' id='word_1_310' title='bbox 449 3847 482 3912; x_wconf 88' lang='lat' dir='ltr'><strong>et</strong></span> <span class='ocrx_word' id='word_1_311' title='bbox 504 3847 623 3916; x_wconf 91' lang='lat' dir='ltr'><strong>actum</strong></span> <span class='ocrx_word' id='word_1_312' title='bbox 645 3843 822 3918; x_wconf 87' lang='lat' dir='ltr'><strong>Poznanie</strong></span> <span class='ocrx_word' id='word_1_313' title='bbox 846 3844 904 3918; x_wconf 91' lang='lat' dir='ltr'><strong>die</strong></span> <span class='ocrx_word' id='word_1_314' title='bbox 928 3847 1078 3919; x_wconf 87' lang='lat' dir='ltr'><strong>sabbato</strong></span> <span class='ocrx_word' id='word_1_315' title='bbox 1103 3851 1197 3921; x_wconf 83' lang='lat' dir='ltr'><strong>intra</strong></span> <span class='ocrx_word' id='word_1_316' title='bbox 1220 3856 1368 3922; x_wconf 79' lang='lat' dir='ltr'><strong>octenas</strong></span> <span class='ocrx_word' id='word_1_317' title='bbox 1391 3851 1666 3944; x_wconf 79' lang='lat' dir='ltr'><strong>,tssnmpeionts</strong></span> <span class='ocrx_word' id='word_1_318' title='bbox 1690 3852 1841 3941; x_wconf 81' lang='lat' dir='ltr'><strong>virginis</strong></span> <span class='ocrx_word' id='word_1_319' title='bbox 1864 3851 1986 3934; x_wconf 85' lang='lat' dir='ltr'><strong>Mario,</strong></span> 
     </span>
     <span class='ocr_line' id='line_1_49' title="bbox 450 3951 1986 4050; baseline 0.007 -31"><span class='ocrx_word' id='word_1_320' title='bbox 450 3967 536 4031; x_wconf 84' lang='lat' dir='ltr'><strong>anno</strong></span> <span class='ocrx_word' id='word_1_321' title='bbox 560 3951 703 4024; x_wconf 91' lang='lat' dir='ltr'><strong>Domini</strong></span> <span class='ocrx_word' id='word_1_322' title='bbox 734 3953 922 4025; x_wconf 91' lang='lat' dir='ltr'><strong>millesimo</strong></span> <span class='ocrx_word' id='word_1_323' title='bbox 953 3955 1306 4046; x_wconf 83' lang='lat' dir='ltr'><strong>qtradriugentesimo</strong></span> <span class='ocrx_word' id='word_1_324' title='bbox 1337 3961 1499 4050; x_wconf 89' lang='lat' dir='ltr'><strong>septimo.</strong></span> <span class='ocrx_word' id='word_1_325' title='bbox 1547 3959 1776 4031; x_wconf 88' lang='lat' dir='ltr'><strong>Presentibus</strong></span> <span class='ocrx_word' id='word_1_326' title='bbox 1807 3957 1986 4031; x_wconf 81' lang='lat' dir='ltr'><strong>nobilibus</strong></span> 
     </span>
     <span class='ocr_line' id='line_1_50' title="bbox 450 4057 1987 4153; baseline 0.01 -29"><span class='ocrx_word' id='word_1_327' title='bbox 450 4057 540 4142; x_wconf 74' lang='lat' dir='ltr'><strong>siris,</strong></span> <span class='ocrx_word' id='word_1_328' title='bbox 564 4059 734 4131; x_wconf 88' lang='lat' dir='ltr'><strong>dominis:</strong></span> <span class='ocrx_word' id='word_1_329' title='bbox 779 4060 936 4133; x_wconf 88' lang='lat' dir='ltr'><strong>Iohanne</strong></span> <span class='ocrx_word' id='word_1_330' title='bbox 959 4063 1004 4134; x_wconf 90' lang='lat' dir='ltr'><strong>de</strong></span> <span class='ocrx_word' id='word_1_331' title='bbox 1027 4067 1167 4153; x_wconf 68' lang='lat' dir='ltr'><strong>Paean,</strong></span> <span class='ocrx_word' id='word_1_332' title='bbox 1193 4065 1338 4137; x_wconf 86' lang='lat' dir='ltr'><strong>Nicolao</strong></span> <span class='ocrx_word' id='word_1_333' title='bbox 1363 4065 1408 4138; x_wconf 86' lang='lat' dir='ltr'><strong>de</strong></span> <span class='ocrx_word' id='word_1_334' title='bbox 1430 4071 1632 4150; x_wconf 81' lang='lat' dir='ltr'><strong>Baadlewo,</strong></span> <span class='ocrx_word' id='word_1_335' title='bbox 1657 4067 1809 4140; x_wconf 87' lang='lat' dir='ltr'><strong>hlartino</strong></span> <span class='ocrx_word' id='word_1_336' title='bbox 1823 4066 1987 4139; x_wconf 85' lang='lat' dir='ltr'><strong>Rosusch</strong></span> 
     </span>
     <span class='ocr_line' id='line_1_51' title="bbox 449 4159 1987 4265; baseline 0.009 -33"><span class='ocrx_word' id='word_1_337' title='bbox 449 4159 489 4233; x_wconf 90' lang='lat' dir='ltr'><strong>da</strong></span> <span class='ocrx_word' id='word_1_338' title='bbox 510 4167 721 4251; x_wconf 73' lang='lat' dir='ltr'><strong>otrnoltowo,</strong></span> <span class='ocrx_word' id='word_1_339' title='bbox 746 4167 890 4241; x_wconf 85' lang='lat' dir='ltr'><strong>Andrca</strong></span> <span class='ocrx_word' id='word_1_340' title='bbox 913 4173 949 4240; x_wconf 92' lang='lat' dir='ltr'><strong>et</strong></span> <span class='ocrx_word' id='word_1_341' title='bbox 972 4171 1165 4244; x_wconf 90' lang='lat' dir='ltr'><strong>Vinccncio</strong></span> <span class='ocrx_word' id='word_1_342' title='bbox 1189 4173 1294 4246; x_wconf 86' lang='lat' dir='ltr'><strong>dictis</strong></span> <span class='ocrx_word' id='word_1_343' title='bbox 1318 4173 1511 4258; x_wconf 82' lang='lat' dir='ltr'><strong>liothrricz,</strong></span> <span class='ocrx_word' id='word_1_344' title='bbox 1540 4175 1712 4247; x_wconf 86' lang='lat' dir='ltr'><strong>fratribus</strong></span> <span class='ocrx_word' id='word_1_345' title='bbox 1735 4177 1918 4265; x_wconf 82' lang='lat' dir='ltr'><strong>germanis</strong></span> <span class='ocrx_word' id='word_1_346' title='bbox 1941 4174 1987 4246; x_wconf 89' lang='lat' dir='ltr'><strong>de</strong></span> 
     </span>
    </p>
   </div>
   <div class='ocr_carea' id='block_1_11' title="bbox 434 4269 1985 4375">
    <p class='ocr_par' dir='ltr' id='par_1_11' title="bbox 434 4269 1985 4375">
     <span class='ocr_line' id='line_1_52' title="bbox 434 4269 1985 4375; baseline 0.004 -27"><span class='ocrx_word' id='word_1_347' title='bbox 434 4269 656 4360; x_wconf 71' lang='lat' dir='ltr'><strong>,spretorem</strong></span> <span class='ocrx_word' id='word_1_348' title='bbox 679 4281 716 4346; x_wconf 90' lang='lat' dir='ltr'><strong>et</strong></span> <span class='ocrx_word' id='word_1_349' title='bbox 739 4277 888 4348; x_wconf 82' lang='lat' dir='ltr'><strong>ilenrico</strong></span> <span class='ocrx_word' id='word_1_350' title='bbox 921 4279 965 4351; x_wconf 88' lang='lat' dir='ltr'><strong>de</strong></span> <span class='ocrx_word' id='word_1_351' title='bbox 989 4283 1154 4353; x_wconf 69' lang='lat' dir='ltr'><strong>croatam</strong></span> <span class='ocrx_word' id='word_1_352' title='bbox 1184 4281 1386 4367; x_wconf 87' lang='lat' dir='ltr'><strong>heredibus,</strong></span> <span class='ocrx_word' id='word_1_353' title='bbox 1418 4283 1570 4375; x_wconf 83' lang='lat' dir='ltr'><strong>alijsque</strong></span> <span class='ocrx_word' id='word_1_354' title='bbox 1593 4283 1756 4375; x_wconf 88' lang='lat' dir='ltr'><strong>pluribus</strong></span> <span class='ocrx_word' id='word_1_355' title='bbox 1780 4283 1985 4374; x_wconf 80' lang='lat' dir='ltr'><strong>iidedignis.</strong></span> 
     </span>
    </p>
   </div>
   <div class='ocr_carea' id='block_1_12' title="bbox 448 4445 1986 4726">
    <p class='ocr_par' dir='ltr' id='par_1_12' title="bbox 448 4445 1986 4726">
     <span class='ocr_line' id='line_1_53' title="bbox 523 4445 1986 4556; baseline 0.005 -25"><span class='ocrx_word' id='word_1_356' title='bbox 523 4445 526 4452; x_wconf 30' lang='grc' dir='ltr'>Ι</span> <span class='ocrx_word' id='word_1_357' title='bbox 606 4474 772 4533; x_wconf 82' lang='lat' dir='ltr'><strong>Dokument</strong></span> <span class='ocrx_word' id='word_1_358' title='bbox 790 4479 1008 4552; x_wconf 76' lang='lat' dir='ltr'><strong>pargminonry,</strong></span> <span class='ocrx_word' id='word_1_359' title='bbox 1026 4479 1227 4554; x_wconf 76' lang='lat' dir='ltr'><strong>praechonany</strong></span> <span class='ocrx_word' id='word_1_360' title='bbox 1246 4498 1270 4536; x_wconf 82' lang='lat' dir='ltr'><strong>u</strong></span> <span class='ocrx_word' id='word_1_361' title='bbox 1289 4480 1444 4538; x_wconf 79' lang='lat' dir='ltr'><strong>archiuum</strong></span> <span class='ocrx_word' id='word_1_362' title='bbox 1461 4480 1591 4554; x_wconf 73' lang='lat' dir='ltr'><strong>kaptudy</strong></span> <span class='ocrx_word' id='word_1_363' title='bbox 1606 4479 1779 4552; x_wconf 81' lang='lat' dir='ltr'><strong>katedralnoi</strong></span> <span class='ocrx_word' id='word_1_364' title='bbox 1795 4479 1986 4556; x_wconf 76' lang='lat' dir='ltr'><strong>poanattskiej,</strong></span> 
     </span>
     <span class='ocr_line' id='line_1_54' title="bbox 448 4564 1986 4726; baseline 0.005 -104"><span class='ocrx_word' id='word_1_365' title='bbox 448 4564 686 4726; x_wconf 46' lang='lat' dir='ltr'><strong>:2¹:¹⁰0ngss</strong></span> <span class='ocrx_word' id='word_1_366' title='bbox 704 4567 866 4640; x_wconf 78' lang='lat' dir='ltr'><strong>piernotnia</strong></span> <span class='ocrx_word' id='word_1_367' title='bbox 898 4567 991 4639; x_wconf 58' lang='lat' dir='ltr'><strong>jedna</strong></span> <span class='ocrx_word' id='word_1_368' title='bbox 1006 4569 1152 4676; x_wconf 70' lang='lat' dir='ltr'><strong>piecaecia,</strong></span> <span class='ocrx_word' id='word_1_369' title='bbox 1184 4587 1222 4646; x_wconf 89' lang='lat' dir='ltr'><strong>po</strong></span> <span class='ocrx_word' id='word_1_370' title='bbox 1247 4570 1336 4642; x_wconf 77' lang='lat' dir='ltr'><strong>ktdroj</strong></span> <span class='ocrx_word' id='word_1_371' title='bbox 1364 4571 1445 4644; x_wconf 72' lang='lat' dir='ltr'><strong>tyllro</strong></span> <span class='ocrx_word' id='word_1_372' title='bbox 1471 4569 1592 4628; x_wconf 71' lang='lat' dir='ltr'><strong>amurek</strong></span> <span class='ocrx_word' id='word_1_373' title='bbox 1618 4591 1647 4684; x_wconf 25' lang='lat' dir='ltr'><strong>a*</strong></span> <span class='ocrx_word' id='word_1_374' title='bbox 1661 4571 1802 4642; x_wconf 73' lang='lat' dir='ltr'><strong>jcdrrsbin</strong></span> <span class='ocrx_word' id='word_1_375' title='bbox 1829 4573 1986 4648; x_wconf 74' lang='lat' dir='ltr'><strong>pationego</strong></span> 
     </span>
    </p>
   </div>
   <div class='ocr_carea' id='block_1_13' title="bbox 604 4833 1597 5004">
    <p class='ocr_par' dir='ltr' id='par_1_13' title="bbox 604 4833 1597 5004">
     <span class='ocr_line' id='line_1_55' title="bbox 604 4833 1597 4924; baseline 0.009 -33"><span class='ocrx_word' id='word_1_376' title='bbox 604 4835 627 4904; x_wconf 83' lang='lat'><strong>¹)</strong></span> <span class='ocrx_word' id='word_1_377' title='bbox 644 4833 803 4905; x_wconf 60' lang='lat' dir='ltr'><strong>metue,</strong></span> <span class='ocrx_word' id='word_1_378' title='bbox 819 4837 887 4894; x_wconf 74' lang='lat' dir='ltr'><strong>niet</strong></span> <span class='ocrx_word' id='word_1_379' title='bbox 906 4855 931 4894; x_wconf 77' lang='lat' dir='ltr'><strong>rr</strong></span> <span class='ocrx_word' id='word_1_380' title='bbox 950 4855 1019 4914; x_wconf 83' lang='lat' dir='ltr'><strong>pon.</strong></span> <span class='ocrx_word' id='word_1_381' title='bbox 1039 4839 1236 4897; x_wconf 78' lang='lat' dir='ltr'><strong>koiciariakim.</strong></span> <span class='ocrx_word' id='word_1_382' title='bbox 1257 4859 1315 4916; x_wconf 88' lang='lat' dir='ltr'><strong>pnr.</strong></span> <span class='ocrx_word' id='word_1_383' title='bbox 1336 4841 1478 4916; x_wconf 71' lang='lat' dir='ltr'><strong>Dhatpnu.</strong></span> <span class='ocrx_word' id='word_1_384' title='bbox 1591 4911 1597 4924; x_wconf 88' lang='lat'><strong>.</strong></span> 
     </span>
     <span class='ocr_line' id='line_1_56' title="bbox 604 4923 1380 5004; baseline 0.01 -22"><span class='ocrx_word' id='word_1_385' title='bbox 604 4923 626 4997; x_wconf 77' lang='lat' dir='ltr'><strong>&#39;l</strong></span> <span class='ocrx_word' id='word_1_386' title='bbox 647 4925 841 5000; x_wconf 64' lang='grc' dir='ltr'><strong>θοὴειιισίω,</strong></span> <span class='ocrx_word' id='word_1_387' title='bbox 859 4927 925 4986; x_wconf 68' lang='lat' dir='ltr'><strong>etet</strong></span> <span class='ocrx_word' id='word_1_388' title='bbox 944 4928 981 4999; x_wconf 80' lang='lat' dir='ltr'><strong>tei</strong></span> <span class='ocrx_word' id='word_1_389' title='bbox 1001 4946 1099 5004; x_wconf 71' lang='lat' dir='ltr'><strong>duay</strong></span> <span class='ocrx_word' id='word_1_390' title='bbox 1116 4928 1177 4988; x_wconf 75' lang='lat' dir='ltr'><strong>out</strong></span> <span class='ocrx_word' id='word_1_391' title='bbox 1195 4931 1241 4988; x_wconf 84' lang='lat' dir='ltr'><strong>nie</strong></span> <span class='ocrx_word' id='word_1_392' title='bbox 1261 4931 1380 5004; x_wconf 78' lang='lat' dir='ltr'><strong>istnicie.</strong></span> 
     </span>
    </p>
   </div>
   <div class='ocr_carea' id='block_1_14' title="bbox 0 0 2366 6359">
    <p class='ocr_par' dir='ltr' id='par_1_14' title="bbox 0 0 2366 6359">
     <span class='ocr_line' id='line_1_57' title="bbox 0 0 2366 6359; baseline 0 0"><span class='ocrx_word' id='word_1_393' title='bbox 0 0 2366 6359; x_wconf 95' lang='lat' dir='ltr'><strong> </strong></span> 
     </span>
    </p>
   </div>
  </div>
 </body>
</html>
