4734 6356
13 1771 76 1842 rlao
110 1793 200 1862 rege

34 2076 196 2168 expedit,

13 2205 67 2266 ns,
94 2187 197 2274 quod

13 2293 41 2362 ei
64 2297 195 2381 gracia

13 2403 46 2482 ts,
70 2399 196 2471 defec-

13 2527 66 2578 ros
110 2529 195 2600 per·

13 2611 194 2686 lominum

36 2721 193 2794 Polonie

13 2833 191 2922 treposito

13 2937 128 3010 edere
155 2944 192 3009 et

13 3045 191 3116 tectenus

13 3173 57 3222 uu
87 3154 191 3224 vuli·

13 3281 83 3332 uas
101 3263 191 3353 ipse

35 3377 78 3438 m
103 3387 190 3459 pre·

13 3479 190 3546 meires

20 3583 189 3654 ecelesia

13 3691 186 3762 rentibus

13 3803 30 3868 t
71 3793 210 3870 man·v

13 3905 56 3976 ab
89 3909 182 3997 ipso

13 4011 180 4094 lstendo,
306 4068 307 4071 ,

24 4121 180 4210 viribus

13 4229 179 4298 entibus

13 4343 177 4406 ecosres

43 4585 76 4653 ἢ,

33 4635 172 4712 megeys‘

430 597 480 671 16.
528 591 626 664 1401.
651 587 710 662 die
732 589 787 662 24.
812 557 947 664 mensis
963 553 1065 676 oran,
1089 589 1297 664 Posnaniae.
1353 561 1358 572 ’

588 803 809 876 wladislaus
846 803 886 876 ll.
926 825 988 876 rex
1022 803 1189 878 Poloniae
1217 805 1434 879 Franczconi
1469 807 1690 880 Smebwlncz
1725 805 1898 896 indulget,
1932 811 1975 876 ut

428 914 548 1002 villam
570 915 779 984 Podcreeoo
802 913 963 984 lanussio
987 911 1033 986 de
1054 915 1279 1011 aamercort
1301 915 1339 986 in
1363 913 1391 986 G
1414 917 1544 987 mercis
1568 916 1708 1008 pignori
1733 914 1876 1004 obliget.

586 1125 808 1200 wladislaus
830 1127 897 1200 Del
920 1131 1043 1216 gracia
1064 1147 1127 1200 rex
1141 1127 1295 1214 Polonie,
1318 1127 1578 1222 Lithuenieque
1592 1133 1760 1222 princeps
1783 1149 1974 1220 supremus

427 1244 462 1314 et
483 1237 587 1310 heres
619 1235 747 1307 Russie
777 1241 844 1308 etc.
874 1235 1135 1324 significamus,
1168 1235 1298 1326 quibus
1325 1236 1478 1329 expedit,
1508 1240 1699 1322 uniuersis,
1732 1235 1828 1327 quod
1851 1235 1973 1308 habito

427 1347 589 1437 respectu
612 1341 659 1426 ad
680 1345 877 1415 constantis
901 1342 1088 1414 fidelitatis
1112 1343 1293 1434 obsequia,
1317 1344 1421 1416 nobis
1443 1365 1508 1437 per
1532 1343 1689 1418 nobilem
1712 1343 1975 1416 Franczconem
2123 1429 2127 1438 ¹

427 1451 656 1534 Smebwinca,
687 1455 851 1522 nostrum
874 1449 1021 1522 fidelem
1045 1449 1216 1522 dilectum
1241 1450 1399 1522 exhibita
1421 1455 1465 1550 et¹
1480 1455 1519 1524 ln
1540 1456 1726 1544 postemm
1748 1453 1974 1544 presteucius

427 1557 633 1643 exhibenda,
666 1557 735 1628 sibi
770 1556 815 1628 de
847 1561 946 1647 regie
979 1557 1211 1647 benignitatis
1247 1557 1443 1632 clemencie
1471 1557 1565 1632 hanc
1597 1563 1719 1632 tenore
1746 1559 1975 1650 presencium

427 1663 653 1742 concedimus
681 1664 902 1752 facultatem,
942 1665 1037 1756 quod
1072 1666 1196 1738 villam
1234 1670 1396 1738 nostram
1434 1669 1648 1739 Podarzowo
1660 1671 1697 1755 ²),
1732 1668 1771 1738 in
1809 1663 1975 1737 districtu

426 1775 638 1861 Potedziolrv
671 1775 789 1859 sitam,
828 1793 937 1864 quarn
972 1793 994 1845 a
1025 1773 1129 1844 nobis
1161 1775 1200 1844 lu
1234 1778 1380 1846 centum
1412 1777 1543 1847 marcis
1577 1793 1786 1866 grossorum
1819 1772 1974 1844 latorum

427 1883 564 1958 numeri
585 1879 808 1964 Polonicelis,
833 1879 1071 1971 quadraginta
1094 1885 1173 1952 octo
1196 1901 1341 1971 grossos
1364 1883 1403 1954 in
1426 1882 1623 1972 quamlibet
1645 1901 1806 1954 marcam
1830 1900 1975 1972 compu-

426 1987 544 2074 tando,
567 1991 693 2073 tenuit,
716 1987 826 2060 nobili
848 1987 1009 2060 lanussio
1034 1987 1078 2060 de
1107 1989 1327 2094 capescere
1354 1989 1443 2062 alias
1474 1989 1520 2063 de
1549 1993 1670 2062 raino
1700 1986 1823 2061 heredi
1846 1990 1886 2060 in
1908 1991 1975 2058 eis·

428 2099 508 2170 dem
533 2099 677 2168 centurn
700 2099 831 2166 mercis
858 2115 1066 2185 grossorum
1093 2115 1136 2167 eo
1170 2099 1258 2182 iure,
1292 2115 1362 2188 quo
1396 2099 1515 2190 ipsam
1549 2097 1648 2169 solus
1680 2099 1806 2181 tenuit,
1843 2099 1976 2188 poterit
2066 2131 2072 2141 ·

428 2205 592 2294 obligare.
640 2201 902 2294 Quamquidem
928 2205 1053 2276 villam
1082 2202 1179 2276 idem
1202 2203 1388 2276 lenassius
1410 2206 1449 2278 in
1479 2203 1650 2300 predictis
1674 2208 1820 2277 centum
1843 2205 1975 2276 mercis

428 2309 632 2404 grossorum
655 2331 739 2382 cum
762 2313 840 2382 eius
869 2312 1113 2403 pertinenciis,
1144 2311 1312 2385 videlicet
1342 2314 1449 2404 egris,
1480 2315 1604 2404 pratis,
1637 2315 1786 2404 campis,
1818 2313 1975 2404 pascuis,

428 2421 538 2506 siluis,
570 2418 786 2503 nemoribus,
817 2419 977 2504 lacubus,
1007 2421 1168 2511 piscinis,
1199 2419 1423 2507 molendinis,
1452 2420 1692 2494 emolimentis
1719 2423 1757 2491 et
1786 2417 1976 2512 appendijs

427 2528 603 2600 uniuersis
637 2525 783 2611 tenebit,
813 2525 1012 2618 possidebit
1040 2531 1076 2598 et
1102 2525 1259 2614 babebit,
1290 2547 1476 2620 quousque
1506 2513 1584 2601 'sibi'
1614 2529 1679 2601 eut
1707 2525 1976 2600 successoribus

428 2637 502 2708 suis
523 2632 682 2726 predicte
706 2638 850 2706 centurn
873 2653 993 2706 merce
1015 2653 1080 2726 per
1102 2654 1168 2706 nos
1191 2635 1249 2706 vel
1272 2655 1499 2708 successores
1521 2639 1674 2708 nosnos
1693 2636 1829 2708 inerint
1857 2653 1976 2726 perso·

427 2745 500 2817 luto
537 2741 757 2832 integraliter
795 2747 832 2813 et
866 2741 913 2813 ad
945 2742 1103 2834 plenum.
1150 2741 1204 2814 lta
1237 2747 1370 2830 temen,
1404 2743 1501 2835 quod
1533 2742 1631 2815 idem
1672 2741 1886 2816 &moisem
1930 2741 1977 2814 de

429 2849 712 2944 possessionibus
734 2849 803 2922 sub
832 2854 953 2922 nostro
984 2849 1142 2922 dominio
1166 2853 1263 2922 etin
1285 2871 1395 2940 regno
1418 2855 1540 2924 nostre
1562 2869 1627 2943 pro
1650 2853 1820 2923 trecentis
1844 2853 1976 2922 mercis
2067 2887 2069 2890 ·

429 2957 637 3031 Polonicalls
659 2959 801 3029 numeri
823 2977 942 3029 emere
964 2960 1013 3029 sit
1029 2959 1197 3030 astrictus
1213 2961 1356 3031 racione
1370 2958 1578 3032 donaclonls
1602 2962 1748 3030 centum
1771 2977 1976 3030 marcarum

431 3063 669 3158 predictarum
686 3084 752 3157 per
773 3085 840 3138 nos
863 3064 933 3137 sibi
955 3064 1061 3152 lacte,
1084 3069 1191 3158 prout
1205 3069 1244 3138 in
1258 3065 1372 3138 literls
1387 3067 1530 3152 nostris,
1554 3085 1645 3158 quas
1663 3067 1752 3138 alias
1775 3066 1844 3138 sibi
1868 3085 1977 3158 super

431 3171 566 3246 eledem
599 3176 745 3245 centum
779 3169 910 3244 mercis
952 3171 1177 3258 dederemus,
1217 3172 1373 3246 lucidius
1409 3175 1619 3246 continetur.
1670 3173 1807 3246 Harum
1846 3173 1976 3265 quibus
2085 3206 2087 3210 ·

431 3279 587 3372 sigillum
608 3284 772 3353 nostrum
796 3299 996 3372 appensum
1020 3285 1076 3353 est
1102 3283 1307 3354 testimonio
1336 3281 1532 3354 literarum.
1577 3281 1715 3353 Datum
1737 3284 1776 3353 in
1797 3280 1978 3354 Pennania
2066 3347 2070 3354 .

431 3385 518 3460 teria
539 3389 650 3460 tercia
678 3387 762 3460 iestl
791 3387 1056 3474 Penthecostes,
1092 3409 1185 3460 anno
1217 3387 1363 3461 Domini
1397 3389 1587 3462 millesime
1622 3387 1976 3480 quadringentesimo

431 3497 553 3586 primo.
577 3535 621 3550 -·
643 3494 703 3569 Ad
725 3495 940 3569 relacionem
963 3494 1099 3569 domini
1122 3495 1316 3570 Clementis
1338 3495 1634 3590 vicecancellarii.
1664 3513 1668 3522 ·
1724 3499 1726 3504 ’

587 3709 668 3770 ree·
684 3710 896 3770 amena·
921 3713 959 3770 ro
984 3711 1022 3770 n.
1049 3711 1087 3770 ee
1111 3729 1128 3768 ι
1154 3711 1305 3785 manne
1332 3712 1579 3786 manontes
1605 3688 1841 3788 puerum
1868 3711 1977 3790 aeger

432 3797 1977 3879 amolmkoeommktengovmmpeoeetemegmkmpurummmom

592 3979 805 4054 proram,
823 3979 890 4040 niet
909 3997 934 4038 w
951 3997 1022 4064 porr.
1040 3967 1205 4052 medzklin,
1218 3998 1270 4056 per
1292 3979 1430 4055 Weptereo.

437 4372 486 4446 il.
532 4323 631 4451 ltoi.
654 4371 713 4450 dle
735 4379 768 4452 4.
792 4377 927 4451 mensis
950 4373 1052 4466 Iunii,
1077 4375 1284 4452 Posuenlae.

370 4660 375 4668 .
590 4591 760 4666 tilbertus
794 4595 984 4688 episcopus
1019 4537 1272 4668 Posnaniensis
1315 4591 1480 4669 enucleat
1512 4589 1633 4669 dotem
1667 4581 1842 4672 ecclesiae
1875 4528 1986 4692 m·

406 4815 408 4820 Α
436 4691 557 4773 thlells
578 4702 617 4774 ln
637 4701 769 4789 Debre
816 4789 817 4792 Ν
1152 4729 1156 4738 ·
2061 4703 2069 4717 ·

590 4911 632 4990 ln
660 4917 806 4990 nomlne
834 4913 980 4990 Domini
1012 4937 1127 4991 emen.
1175 4917 1266 4992 Cum
1296 4917 1455 4993 humane
1483 4921 1612 4993 nature
1641 4918 1803 4993 condicio
1826 4921 1978 4998 tendens

438 5021 598 5096 anunm
619 5027 659 5098 ln
681 5044 860 5110 occasum,
884 5025 1111 5114 obliuionem,
1136 5046 1206 5119 que
1229 5032 1285 5100 est
1307 5033 1424 5101 mater
1439 5031 1576 5112 erroris,
1600 5027 1811 5121 plemmque
1833 5035 1979 5124 propter

437 5115 622 5204 decursum
644 5137 825 5226 temporis,
849 5131 993 5206 ducitur
1003 5138 1061 5222 (s),
1086 5135 1237 5228 expedit,
1260 5140 1302 5207 vt
1323 5155 1376 5222 eu,
1411 5155 1480 5227 que
1503 5139 1659 5224 aguntur
1681 5139 1720 5208 ln
1737 5140 1908 5230 tempore,
1931 5160 1979 5211 ne

437 5229 541 5308 amul
562 5237 728 5313 labantur
750 5261 834 5314 cum
856 5245 1026 5333 tempore,
1050 5242 1234 5315 literarum
1258 5245 1455 5316 ministerio
1480 5263 1563 5316 cum
1578 5247 1726 5316 testium
1743 5250 1978 5320 annotncione

437 5349 679 5424 remanemus.
725 5347 876 5421 Proinde
909 5343 974 5420 rios
997 5349 1167 5423 Albertus
1190 5349 1256 5423 Del
1280 5353 1403 5440 gracia
1428 5353 1617 5444 episcopus
1640 5349 1905 5442 Posnanieusis,
1930 5353 1976 5426 ed

1796 5481 1814 5536 3
1871 5519 1876 5528 .
