4706 6356
368 509 414 592 tt
436 589 439 600 .

372 715 483 790 Ianelr
506 715 692 803 scultetus,
717 717 773 788 sui
795 709 898 790 liberi
930 713 968 790 ot
1000 726 1226 791 successores
1246 705 1415 809 legittiml
1450 711 1683 794 memoratam
1705 709 1914 799 sculteciant

373 845 457 898 cum
480 828 588 916 agris,
618 827 743 918 pratis,
774 828 862 900 ortis
886 830 922 898 ot
945 826 1111 900 omnibus
1133 827 1348 900 utilitatibus
1372 825 1418 900 ad
1441 829 1558 920 ipsam
1581 829 1790 902 sculteclam
1808 833 1913 924 portl-

371 933 551 1018 nantibus,
584 933 767 1020 tenebunt
801 933 995 1021 habebunt,
1018 935 1194 1008 vtiiruent
1227 937 1264 1008 et
1290 937 1474 1028 perpetuis
1507 935 1727 1028 temporibus
1761 937 1914 1031 pacifice

371 1039 617 1134 possidebunt
664 1041 736 1114 Sed
767 1045 853 1135 quia
890 1045 970 1116 iura
1008 1043 1230 1115 'Pheutonlca
1263 1097 1474 1115 .......
1510 1048 1597 1116 sunt
1629 1045 1732 1118 nobis
1769 1047 1913 1140 ponltus

372 1151 505 1238 ignota.
529 1147 610 1222 ideo
633 1168 759 1222 omnes
789 1149 942 1223 honores
966 1155 1004 1224 ct
1024 1150 1197 1224 utilitates
1227 1155 1390 1224 nostrum
1420 1150 1620 1224 dominium
1649 1159 1912 1242 concernentes,

372 1275 435 1350 pm
458 1255 563 1330 nobis
586 1259 778 1331 abnostris
802 1258 1070 1331 successoribus
1093 1259 1316 1349 integraliter
1342 1279 1579 1330 reseruemus.
1625 1259 1760 1333 Harum
1784 1261 1913 1352 qulbus

372 1367 536 1436 nostrum
564 1370 602 1438 et
622 1364 754 1458 prelati
776 1369 890 1438 nostri
914 1363 1060 1460 capituli
1083 1367 1203 1456 sigilla
1218 1386 1377 1460 appensa
1399 1372 1486 1438 sunt
1498 1368 1703 1440 testimonio
1718 1367 1913 1444 literarum

374 1474 507 1546 Actum
531 1477 569 1546 et
590 1471 717 1546 datum
741 1467 965 1548 Gnesane'in
988 1473 1143 1568 capitulo
1166 1475 1325 1564 generali
1340 1473 1489 1546 sabbato
1507 1474 1603 1546 inira
1618 1480 1765 1548 octonas
1788 1475 1914 1550 'drans-
2041 1475 2042 1480 ‘

372 1579 522 1652 lacionls
544 1580 642 1652 beati
664 1581 859 1666 Adnlbsrtl
891 1603 985 1656 anno
1014 1582 1160 1654 Domini
1190 1581 1380 1654 millesimo
1404 1580 1754 1673 quadringentesimo
1778 1587 1913 1676 quarto.

375 1685 605 1760 Prescntibus
626 1690 891 1763 venerabilibus
907 1694 944 1763 et
961 1689 1228 1763 honorabilibus
1243 1689 1413 1760 iratribus
1428 1692 1570 1775 nostris,
1594 1688 1748 1762 dominis
1770 1689 1915 1766 Nicoloo

2096 736 2269 819 lanussio·
2285 670 2326 839 dd

255 1877 257 1882 ,
376 1849 587 1868 .......
620 1801 811 1891 preposito,
846 1797 1055 1872 Bodaantha
1077 1796 1224 1884 decano,
1256 1795 1359 1870 Petro
1383 1801 1537 1882 cantore,
1566 1796 1720 1872 loroslao
1744 1797 1915 1872 archidla-
2059 1837 2060 1840 c
2136 1747 2140 1756 ⁵

376 1922 474 1989 cono,
506 1903 681 1976 Michaslo
703 1906 901 1991 scolastico.
932 1906 1059 1979 Iacobo
1083 1905 1242 1990 custode,
1272 1903 1385 1976 Kilcio
1411 1904 1635 1994 [cancellario
1669 1959 1914 1981 ........

376 2065 520 2082 .....
544 2009 753 2086 Stresacone
776 2012 1018 2100 thesaurario·
1031 2013 1135 2086 Petro
1158 2011 1204 2086 do
1227 2013 1401 2098 uocatae,
1425 2011 1602 2086 Dobeslao
1625 2011 1670 2086 de
1693 2013 1914 2102 emensam,

374 2117 550 2204 Borkone,
574 2117 747 2206 Lorkone;
771 2119 927 2208 Nicolao‚
952 2119 1073 2194 Dorka
1105 2173 1181 2192 ...
1207 2173 1217 2192 .
1241 2175 1250 2191 .
1275 2175 1284 2191 .
1310 2175 1318 2192 .
1343 2175 1351 2191 .
1378 2175 1385 2190 .
1411 2139 1419 2193 .·
1445 2175 1453 2192 .
1479 2176 1487 2193 .
1512 2176 1520 2192 .
1548 2120 1734 2208 Blisborio,
1761 2122 1915 2210 murteo,

377 2227 528 2298 ilenrico
552 2226 627 2312 Bel,
651 2227 824 2316 Gmsslao
848 2227 881 2301 N
906 2283 1083 2301 ......
1106 2228 1216 2318 longo
1240 2232 1278 2300 et
1298 2228 1462 2313 Martino,
1491 2231 1689 2321 ceterisque
1711 2227 1857 2323 prelatis
1881 2235 1917 2302 et

376 2337 558 2407 canonicis
578 2333 717 2429 prolate
739 2340 861 2408 nostru
876 2337 1096 2410 (lucanensis
1119 2336 1280 2422 ecclesie,
1302 2340 1390 2408 tunc
1414 2336 1658 2430 capitulariter
1679 2339 1914 2428 congregatis.

539 2445 601 2531 (na
609 2443 793 2533 taklodce)
803 2443 978 2518 Transeat
988 2463 1053 2537 por
1065 2463 1195 2517 manus
1209 2443 1322 2538 Kelcij
1341 2443 1543 2538 cancellarlj
1561 2443 1710 2516 ccclesia
1728 2443 1915 2518 antedicta.

432 2669 435 2676 Ι
540 2691 707 2754 nomnen
724 2695 943 2770 psrgsmlnorry,
961 2695 1093 2753 manle
1110 2693 1225 2769 ratisb,
1242 2693 1443 2770 prcochorrsny
1460 2712 1485 2752 rr
1504 2693 1656 2752 archim
1674 2693 1806 2770 kspitnly
1816 2701 1916 2754 metro·

376 2785 522 2860 politnlnei
542 2784 763 2874 gnietnicriskisi
783 2785 833 2860 (N.
852 2785 927 2858 288),
951 2791 1107 2860 opstraony
1123 2784 1179 2856 isat
1195 2781 1307 2843 dvorsa
1326 2785 1482 2843 olomkami
1502 2785 1632 2860 plsami,
1656 2785 1863 2858 nnioesonych
1880 2803 1917 2844 ns

377 2875 536 2932 nnurkach
553 2893 570 2932 a
587 2873 807 2948 niebicskiego,i
825 2876 968 2951 &corrego
984 2873 1134 2948 iednbin.
1531 2945 1572 3044 l

540 3109 563 3180 Ι)
583 3107 708 3166 spone
725 3107 792 3166 niet
809 3126 835 3166 π
853 3124 924 3184 porr.
943 3107 1091 3179 cursem,
1109 3125 1169 3184 par.
1186 3107 1365 3182 Boisswm

379 3775 435 3846 63.
482 3777 582 3848 1404.
607 3773 665 3846 die
688 3775 742 3864 30.
765 3774 902 3860 mensis
926 3736 1098 3860 Octobris,
1121 3773 1160 3847 in
1183 3775 1352 3848 Kodcion.

546 4024 704 4098 'lhomco
727 4026 966 4118 subpinccma
989 4024 1235 4098 &scomensis
1268 3985 1306 4098 ot
1336 4027 1544 4117 capitaneus
1578 3999 1721 4096 Maioris
1755 3978 1917 4096 Poloniae

383 4139 546 4218 testatur,
571 4133 808 4206 'theodricum
831 4132 957 4205 Pradel
981 4132 1026 4205 dc
1049 4135 1256 4204 Koronowo
1280 4133 1429 4204 eandem
1456 4131 1690 4204 hereditatem
1715 4135 1917 4202 Krtronowo

379 4241 542 4316 Ianussio
565 4239 777 4313 Kromnowo
801 4241 986 4314 Heschorn
1009 4239 1064 4312 00
1088 4243 1218 4313 marcis
1241 4238 1456 4314 vendidisse.

543 4491 583 4562 R.
599 4497 600 4500 ‘
618 4490 658 4563 In
681 4493 826 4564 nomine
849 4492 993 4564 Domini
1018 4511 1132 4564 amen.
1157 4491 1230 4564 Nos
1246 4491 1402 4563 'ihomco
1419 4491 1657 4584 subpincema
1674 4489 1917 4564 Crotoniensis

383 4607 421 4671 et
443 4603 652 4690 capitaneus
675 4599 817 4671 Maioris
841 4601 984 4671 Polonie
1007 4600 1195 4690 generalis
1220 4599 1469 4690 significamus
1494 4653 1637 4671 .....
1662 4597 1756 4689 quod
1777 4648 1916 4670 .....

381 4707 512 4780 nobilis
536 4707 754 4779 'Phcodricus
783 4707 901 4778 dictus
925 4707 1050 4780 Pradel
1083 4707 1187 4779 heres
1218 4710 1257 4778 in
1290 4709 1490 4778 Ouranoroo
1515 4761 1657 4778 .....
1682 4727 1785 4778 suam
1809 4711 1917 4778 totam

381 4814 616 4886 hereditatem
640 4815 840 4886 Ouranowc
851 4817 876 4901 ¹)
907 4833 991 4886 cum
1022 4817 1119 4886 omni
1141 4817 1219 4886 iuro
1243 4819 1279 4886 ct
1301 4813 1468 4899 dominio,
1499 4819 1605 4906 prout
1627 4815 1724 4885 solus
1748 4817 1863 4886 tenuit
1885 4815 1918 4880 et
2006 4850 2008 4853 -

381 4921 516 5006 habuit,
549 4921 660 4992 nobili
682 4921 844 4994 lanussio
867 4922 963 4993 dicto
988 4921 1196 4995 Cromnowo
1221 4923 1310 4994 alias
1340 4924 1531 5006 Hecatom,
1555 4942 1618 5013 pro
1643 4922 1807 4993 ducentis
1830 4937 1917 4992 mar·

381 5033 434 5101 cis
458 5047 666 5118 grossorum
687 5029 843 5102 latomm
867 5033 1010 5102 monete
1028 5030 1229 5120 Pragcnsis,
1253 5029 1465 5101 Polonicalis
1488 5031 1627 5100 numeri
1652 5031 1814 5101 consueti
1844 5084 1852 5100 .
1878 5077 1916 5097 .·
2003 5057 2014 5110 :⁴
2123 5061 2330 5135 deliberacio

379 5137 643 5212 racionabiliter
663 5135 827 5208 pandidit
852 5193 995 5209 .....
1041 5137 1081 5208 In
1105 5141 1208 5209 cuius
1231 5139 1283 5209 rei
1308 5137 1554 5209 testimonium
1576 5137 1735 5226 sigillum
1758 5141 1917 5209 nostrum

379 5245 606 5336 presentibus
630 5251 686 5316 est
709 5264 918 5338 appensum.
965 5247 1099 5317 Actum
1130 5251 1166 5316 et
1196 5245 1320 5317 datum
1351 5248 1387 5316 in
1412 5247 1538 5316 costen
1567 5243 1658 5316 loria
1680 5247 1805 5335 quinta
1828 5241 1917 5315 inira

380 5357 529 5423 octauas
553 5351 708 5424 Simonis
732 5357 769 5423 et
791 5353 886 5438 lude,
912 5371 1004 5426 anno
1028 5353 1173 5424 Domini
1195 5353 1247 5424 Μο
1262 5351 1390 5424 00000
1413 5357 1548 5443 quarto.
1572 5351 1800 5424 Presentibus
1824 5349 1916 5424 nobi·

377 5459 476 5531 libus
499 5462 584 5530 viris
608 5459 776 5532 dominis:
806 5460 948 5534 larotha
971 5462 1164 5534 castellano
1188 5461 1437 5546 Radaimionsi‚
1469 5461 1639 5532 l'ribislao
1663 5459 1708 5531 dc
1738 5463 1916 5540 Griselica,

2106 2199 2305 2274 Gnesnensi
2340 2188 2352 2272 r'

2106 2307 2235 2400 Slupco
2263 2306 2308 2402 dc

2040 2480 2042 2484 .
2107 2433 2353 2507 oarcp:·:·

2105 2697 2250 2830 'Qiicyal
2268 2630 2343 2811 l{ra

2109 2847 2343 2938 biskupmm

2110 2953 2352 3046 daiednicanej.

2113 3551 2168 3624 65.
2215 3551 2313 3622 1404.
2343 3576 2351 3609 ο

2275 3764 2348 3836 Wl:

2115 3871 2159 3945 de
2183 3873 2340 3964 quolibet

2277 4089 2350 4162 le

2117 4197 2347 4282 Sandomirie,

2116 4305 2332 4392 Pomeranie‚

2117 4435 2180 4506 per
2202 4415 2270 4487 hoc
2293 4434 2332 4485 sc

2118 4541 2256 4596 necnon
2278 4513 2348 4594 nob

2118 4633 2196 4702 tum
2220 4650 2353 4719 ewang

2119 4739 2299 4825 solabitur,
2324 4739 2351 4809 ti

2120 4861 2200 4918 rum
2223 4847 2353 4919 desolo

2121 4953 2353 5028 incommodi

2123 5168 2185 5242 sed
2208 5190 2251 5242 cx
2273 5193 2314 5242 ce

2124 5275 2260 5365 nerunt
2284 5279 2350 5350 dcc

2124 5383 2167 5456 do
2190 5387 2346 5477 quolibet

2125 5501 2262 5567 monete
2285 5495 2346 5566 Pol
