4714 6364
1635 380 1702 458 223

41 680 51 714 2
176 616 237 704 ,slei
267 594 424 684 cononici
448 591 704 679 Vneouionsis,
734 583 973 664 vioeeustodis
1004 591 1041 660 et
1071 585 1300 680 Dompeonis,
1319 585 1577 660 altaristarum
1618 583 1708 656 Gne·
1791 593 1804 688 ,¹
1923 627 1929 636 »

176 722 306 820 ,nensis
329 707 570 790 ecelesianrm,
601 703 815 775 arbitrorum
839 705 875 772 et
898 697 1141 770 amicabilium
1165 698 1443 788 compositonrm
1468 700 1504 767 et
1527 693 1704 794 presentis

177 834 255 918 pacti
277 809 312 897 ct
337 815 474 905 negocij
509 833 627 883 coram
658 812 746 902 ipsis
781 813 931 902 protunc
961 795 1089 890 scribo,
1114 791 1283 898 predictis
1314 807 1496 876 sentencie
1528 802 1705 874 arbitralis

177 931 330 1046 peticioni
369 927 405 994 et
442 923 556 1013 ipsius
594 918 917 1012 pronuneeiacioni,
957 913 1170 997 laudationi,
1204 912 1431 1014 dillinicioni,
1468 911 1706 994 arbitrarionl,

1205 1081 1211 1092 .
1244 1022 1454 1114 recepcioni,
1481 1017 1708 1112 approbacio·

1266 1130 1314 1216 ni,
1352 1129 1610 1218 emologacioni
1645 1131 1681 1198 et

1243 1237 1507 1310 rathilicacieui
1538 1257 1580 1308 ac
1614 1255 1706 1328 pene

1267 1347 1514 1418 summissioni
1544 1363 1684 1416 necnon

1244 1457 1566 1526 instrumentorum
1609 1452 1706 1522 bine·

1244 1561 1328 1634 inde
1370 1581 1479 1654 snper
1525 1561 1710 1654 premissis

1246 1671 1417 1764 petleioni
1434 1669 1711 1760 aliisqueomni·

1246 1779 1314 1853 bns
1339 1784 1377 1850 et
1391 1777 1543 1868 singulis
1560 1779 1708 1868 premis·

1246 1889 1309 1970 sis,
1331 1886 1419 1959 dnm
1437 1887 1491 1958 sie
1508 1889 1550 1956 ut
1564 1886 1709 1978 premit·

1246 1997 1345 2082 titur,
1366 1994 1497 2066 fierent
1513 1998 1548 2067 et
1564 2011 1709 2082 ageren-

1247 2107 1318 2190 tur,
1348 2122 1506 2174 rnacum
1534 2103 1726 2194 prenomi.

1246 2214 1343 2283 natis
1373 2209 1525 2284 testibus
1564 2228 1713 2302 presens

1248 2318 1408 2404 interlui,
1433 2339 1547 2409 eoque
1561 2321 1615 2390 sic
1630 2316 1712 2388 iieri

1248 2427 1324 2500 vidi
1348 2431 1385 2500 et
1400 2426 1534 2512 audiui,
1559 2425 1711 2518 alijsque

228 2635 231 2642 Δ
1248 2539 1447 2628 occupatus
1463 2533 1585 2608 arduis
1606 2553 1712 2624 nego·

179 2675 242 2766 ciis
261 2667 455 2763 paralium
484 2665 639 2740 fideliter
673 2666 782 2740 scribi
816 2668 1016 2758 procuraui,
1051 2669 1164 2738 mauu
1197 2670 1342 2760 proprie
1377 2687 1436 2740 me
1470 2665 1712 2748 subscribens,

181 2785 215 2852 ln
237 2778 325 2850 benc
347 2775 502 2847 iormam
525 2775 706 2868 publicam
729 2775 876 2867 redegij,
901 2777 1076 2865 signoque
1099 2780 1137 2848 et
1159 2777 1304 2849 nomine
1326 2777 1418 2848 meis
1432 2774 1547 2847 solitis
1572 2777 1609 2844 et
1632 2791 1712 2843 con·

180 2888 285 2958 suetis
308 2885 529 2972 consignaui,
553 2883 751 2974 sigillisque
774 2888 1053 2956 memoratorum
1077 2883 1303 2957 dominorum
1325 2883 1497 2974 Boguslai
1521 2887 1558 2954 et
1580 2881 1712 2972 Demp-

179 2997 272 3066 eunls
294 2993 506 3064 arbitrorum
534 2991 579 3063 de
602 2991 771 3064 mandato
804 2994 964 3084 ipsorum
996 2993 1145 3084 speciali
1176 2992 1426 3085 cabannensis,
1461 2991 1501 3062 in
1534 2990 1713 3082 pressuris

180 3101 417 3194 pergamensis
456 3099 623 3191 sigillaui,
665 3104 812 3190 rogatus
851 3103 887 3171 et
925 3102 1119 3192 requisitus
1158 3103 1196 3173 in
1232 3099 1345 3172 iidem
1391 3104 1428 3173 et
1465 3098 1714 3170 testimonium

180 3209 332 3280 omnium
352 3210 619 3301 premissorum.
1721 3223 1736 3250 s

237 3453 242 3460 .
332 3403 499 3464 Dokurnent
524 3405 742 3482 pergenium,
769 3405 970 3480 pneenomy
988 3423 1014 3464 w
1031 3406 1185 3465 archivum
1212 3405 1344 3482 kapituly
1371 3403 1606 3480 metropolitelnei
1635 3403 1714 3484 gnie·

181 3491 332 3566 dniedekief
344 3495 393 3568 (N.
412 3498 486 3568 030),
504 3503 657 3572 opetrzony
675 3495 725 3569 byl
742 3496 905 3572 pierwetnie
925 3495 1046 3558 duisme
1063 3497 1250 3572 pioezoeianri,
1268 3514 1307 3554 ne
1325 3495 1450 3571 peskaeh
1468 3491 1715 3568 pergaminowyelr

180 3583 375 3656 telmessi,
392 3585 514 3660 ktdryeb
531 3583 590 3643 drisi
609 3585 689 3644 brak.
1519 3637 1521 3641 .

333 3766 355 3838 ¹)
374 3767 397 3838 Q
413 3765 573 3824 mmo
591 3767 601 3823 i
625 3765 778 3837 nalem,
797 3767 863 3825 ursio
880 3783 907 3823 w
924 3785 994 3842 porr.
1012 3767 1246 3860 gnieiniedsblm.

180 4209 253 4280 230.
278 4219 396 4332 ,1410
421 4215 479 4289 die
502 4221 557 4290 20.
581 4219 717 4290 mensis
739 4217 885 4310 Aprilis,
908 4215 1101 4292 Bononiae.

221 4487 225 4494 ,
332 4411 481 4486 Iosnnes
509 4413 634 4488 XXIII.
668 4415 704 4488 P.
728 4415 774 4488 Μ.
799 4419 965 4509 episeopo
997 4416 1170 4503 Plocensi,
1201 4418 1323 4491 abbati
1353 4421 1563 4492 monasterii
1585 4420 1717 4493 Wrati·

180 4507 360 4592 aleriensis
384 4520 431 4595 ed
453 4544 482 4594 s.
505 4522 655 4595 Mariam
690 4529 726 4595 et
749 4523 997 4596 archidiacono
1029 4525 1214 4598 Piriciensi
1246 4525 1405 4610 mandet,
1440 4532 1481 4599 ut
1513 4532 1716 4620 praeposito

180 4623 214 4688 et
236 4627 386 4717 capitulo
409 4629 709 4703 Pennaniensibus
725 4634 765 4703 in'
777 4631 1002 4704 vindicandis
1018 4632 1122 4706 bonis
1140 4635 1273 4705 lnluste
1295 4634 1434 4720 ablatis,
1458 4637 1717 4729 opemzlerant.
1809 4679 1811 4684 ,
1845 4691 1850 4700 .

332 4823 507 4919 Iohannes
530 4829 719 4920 episcopus
743 4849 871 4902 seruus
895 4848 1081 4904 seruorum
1105 4829 1182 4903 Dei.
1228 4831 1434 4924 Venerabili
1449 4834 1553 4906 lratrl
1578 4891 1586 4906 .
1611 4889 1621 4907 .
1646 4838 1720 4928 epl-

180 4939 281 5016 ¹⁰0p0
317 4929 496 5007 Plocensis
532 4942 568 5007 et
605 4935 745 5008 dilectis
780 4937 869 5029 iilijs
902 4991 945 5009 ..
982 4939 1103 5012 abbati
1138 4943 1345 5033 monasterij
1383 4947 1509 5015 saneto
1538 4942 1649 5016 Maris
1680 4947 1718 5017 lu

181 5025 303 5122 Arena,
335 5039 641 5115 Wratislauiensis
665 5041 818 5116 diocesis
858 5065 900 5118 ac
924 5099 934 5117 .
957 5099 967 5117 .
991 5047 1240 5120 archidiacono
1275 5048 1460 5122 Piriciensi
1490 5052 1528 5123 ln
1563 5052 1716 5124 ecelesia

181 5129 387 5232 caminensi,
412 5151 565 5222 sulutem
589 5156 625 5222 et
648 5153 880 5244 apostolicam
911 5149 1204 5228 benedictionem.
1251 5157 1420 5230 Militanti
1450 5159 1601 5233 ecclesie
1631 5161 1718 5233 lieet

184 5238 342 5326 lurnreriti
366 5256 575 5350 disponente
598 5260 751 5332 Domino
770 5261 1002 5353 presidentes,
1028 5261 1122 5335 cirea
1138 5285 1261 5336 curam
1278 5266 1511 5338 ecelesiarum
1535 5267 1717 5361 eilmona·

182 5355 361 5434 cleriorum
395 5369 556 5438 omnium
589 5368 733 5440 solertia
764 5369 947 5440 reddimur
969 5370 1150 5443 indelessa
1174 5374 1331 5459 soliciti„
1359 5379 1399 5446 ut
1421 5376 1522 5448 iuxta
1555 5375 1717 5450 debitum
