4722 6360
1839 527 1854 622 .'
1949 503 1994 581 n

466 725 555 788 rores
577 695 634 776 sul
658 691 968 787 molendinatores,
1003 696 1064 792 qul
1089 693 1222 774 luerint
1244 699 1308 794 pro
1337 705 1508 795 tempore,
1535 699 1685 774 terciam
1716 705 1855 796 partem
1880 701 1999 775 emoli-

467 819 657 898 mentorom
681 829 990 902 quorumcumque
1020 829 1062 882 ex
1091 811 1169 904 ipso
1201 809 1405 882 molendino
1436 813 1738 903 proveniendum,
1769 815 1998 902 preterquam

466 925 645 1020 dngrano,
677 917 772 1010 quod
795 938 858 1012 pro
889 923 1012 990 nostra
1036 919 1135 990 curia
1158 918 1358 1003 moluerint,
1377 913 1453 1010 'pro
1478 939 1517 988 se
1546 921 1721 1012 recipiant
1745 921 1781 990 et
1802 917 1997 1004 habebunt,

466 1031 596 1110 duabus
618 1027 780 1120 partibus
813 1047 856 1098 ex
879 1025 1015 1098 eisdem
1040 1026 1289 1098 emolumentis
1313 1046 1376 1118 pro
1408 1025 1510 1098 nobis
1542 1025 1762 1099 cedentibus.
1809 1025 1997 1098 Addamus

466 1145 571 1218 eciam
593 1135 732 1228 prelato
762 1132 909 1206 Alberto
945 1137 981 1206 ei
1015 1135 1091 1206 suis
1125 1133 1394 1206 suecessoribus
1428 1137 1573 1227 pratum
1607 1135 1758 1208 inferius
1795 1133 1997 1207 molendino

466 1245 632 1327 iacentem
656 1244 751 1314 circa
774 1241 930 1314 ilnuium
964 1241 1098 1314 ibidem
1127 1243 1280 1326 arzure,
1315 1240 1497 1334 wlgariter
1530 1247 1626 1330 loni,
1668 1263 1750 1316 enm
1782 1263 1867 1333 agro
1890 1242 1999 1316 simui

466 1353 636 1446 niguriter
659 1369 681 1422 a
703 1352 946 1439 menaroodo
981 1352 1068 1422 tunc
1100 1351 1195 1422 cirea
1228 1353 1324 1422 viam
1360 1371 1473 1441 vsquo
1502 1349 1548 1422 ad
1571 1351 1714 1437 rubum,
1749 1352 1930 1442 wlgariter
1952 1353 1998 1422 do
2099 1403 2102 1408 -

466 1469 637 1540 idam.
684 1457 851 1532 Ceterum
887 1456 1068 1552 sepedicto
1092 1456 1237 1530 ilberto
1270 1460 1306 1529 et
1336 1461 1412 1530 suis
1448 1460 1715 1532 successoribus
1751 1479 1815 1553 pro
1838 1459 1998 1544 ¹utilitate

466 1595 526 1650 sua
546 1571 585 1640 in
606 1567 720 1639 liuulo
742 1565 902 1658 predicto
925 1569 1145 1660 piscaturam
1172 1568 1338 1660 piscium,
1370 1567 1621 1658 qualicumque
1653 1566 1755 1639 rethe
1778 1568 1847 1638 sibi
1870 1569 2000 1659 poterit

466 1665 626 1762 moenita,
650 1676 770 1747 animo
794 1673 987 1747 deliberato
1019 1674 1274 1748 condonamus.
1320 1673 1521 1746 Debebunt
1541 1677 1689 1768 insuper
1718 1679 1794 1746 tam
1818 1675 1999 1759 hibertus

376 1777 379 1784 ’
467 1787 568 1882 quam
590 1803 816 1855 successores
840 1785 897 1854 sui
927 1785 1077 1854 terciam
1106 1787 1246 1876 partem
1277 1781 1484 1876 impendere
1513 1785 1748 1876 pecuniarum
1771 1803 1835 1877 pro
1860 1783 1999 1856 molari·

466 1899 528 1970 bus
555 1896 590 1964 et
611 1889 839 1964 ferramentis
862 1889 909 1964 ad
933 1889 1177 1964 molendinum
1202 1893 1426 1985 opportunis3
1449 1894 1593 1966 vivero
1615 1891 1856 1984 lignanilqua
1878 1911 2000 1964 neces·

467 2003 554 2076 suda
580 1999 725 2085 luerint
755 2019 821 2072 nos
848 2001 1003 2094 propn‘js
1025 1999 1206 2072 laboribus
1237 1997 1416 2073 adducere
1438 2002 1612 2072 tenemur.
1659 1999 1699 2074 Si
1720 2020 1805 2072 vero
1835 1999 2000 2072 homines

438 2100 444 2110 ’
467 2111 508 2187 ad
527 2129 616 2204 opua
640 2107 883 2181 edilieaeiouis
907 2107 1102 2180 molendini
1125 2109 1317 2200 necessarii
1344 2108 1488 2194 inerint,
1511 2113 1599 2181 tunc
1622 2127 1689 2182 nos
1712 2107 1885 2180 debemus
1908 2106 1999 2180 duos

467 2220 555 2304 dare,
576 2215 746 2288 hibertus
768 2235 854 2288 vero
877 2237 961 2290 oum
984 2217 1252 2289 suecessoribus
1277 2217 1353 2289 suis
1377 2217 1540 2290 terelum.
1570 2216 1763 2290 Debebunt
1785 2217 1901 2288 eclam
1922 2220 2000 2290 tam

467 2327 626 2403 hibertus
651 2345 759 2417 quam
783 2343 1010 2398 successores
1027 2326 1086 2398 sui
1108 2344 1272 2398 menssas
1289 2344 1442 2416 quoque,
1465 2325 1623 2398 scabella
1639 2344 1705 2419 pro
1724 2328 1844 2398 nostro
1869 2323 2001 2396 aduen-

381 2429 382 2432 ‘
467 2441 512 2521 tu,
533 2432 651 2505 hostia
675 2453 826 2526 qnoque,
856 2437 977 2527 postes
1009 2438 1045 2507 et
1068 2434 1205 2507 ualuas
1235 2435 1436 2506 inveterata
1465 2437 1503 2506 et
1530 2434 1734 2527 putrefacta
1763 2434 1801 2504 in
1825 2433 1999 2505 Coeaiowo

341 2566 350 2579 ·
467 2539 592 2616 ibidem
613 2543 652 2612 in
676 2543 775 2613 ouria
797 2545 920 2614 nostra
942 2541 1146 2628 reformare,
1178 2541 1272 2614 dalis
1295 2540 1365 2614 sibi
1394 2561 1459 2635 per
1480 2560 1547 2614 nos
1574 2541 1684 2632 lignis
1706 2539 1754 2614 ad
1777 2541 1814 2612 id
1837 2561 2000 2615 necessa·

467 2651 536 2742 rije.
578 2647 793 2740 inquorum
817 2647 1174 2722 omniumiidemet
1202 2651 1449 2724 testimonium
1481 2651 1645 2722 nostrum
1678 2653 1715 2721 et
1745 2647 1831 2721 dicti
1855 2649 2002 2742 capituli

468 2755 572 2832 noshl
594 2756 714 2847 sigilla
735 2761 859 2834 nostra
880 2759 1108 2850 presentibus
1131 2764 1219 2832 sunt
1241 2778 1410 2852 appensa
1456 2759 1592 2830 Actum
1614 2761 1652 2830 et
1674 2755 1802 2830 datum
1824 2756 2001 2830 Poznanie

469 2863 620 2937 houna
641 2869 765 2938 nostra
793 2863 885 2938 laria
915 2871 1043 2960 quarta
1070 2867 1166 2940 inira
1198 2869 1365 2940 octauam
1393 2865 1602 2940 Natiuitatis
1632 2865 1778 2939 Domini
1800 2865 1852 2938 Μο
1875 2864 2003 2940 00000

469 2973 593 3062 quinto.
639 2971 867 3046 Presentibus
892 2978 928 3048 ei
949 2975 1541 3050 consencientibusvenerabiiibus
1557 2979 1593 3047 et
1611 2972 1879 3047 honorabilibus
1901 2975 2000 3060 viris,

470 3079 629 3153 iratribus
653 3083 795 3168 uostris,
820 3079 990 3156 dominis:
1018 3081 1122 3155 Petro
1146 3081 1191 3155 de
1213 3083 1385 3174 Kobiiino
1409 3082 1555 3169 decano,
1587 3081 1699 3155 Pelka
1722 3085 1876 3168 suntme
1900 3083 2003 3156 Nico·

469 3185 520 3260 iao
552 3187 596 3262 de
628 3189 818 3278 Ohioporoo
853 3189 1099 3276 Poananiensi,
1134 3189 1295 3264 Conrado
1331 3189 1542 3278 &remansi
1579 3188 1754 3264 liichaele
1787 3188 2002 3276 Pcaeviensi,

248 3309 254 3320 ·
336 3353 346 3370 .
470 3295 602 3370 Albrico
625 3295 919 3372 Warsohouiensl
950 3299 989 3372 in
1019 3298 1172 3372 ecclesie
1201 3303 1324 3372 nostra
1356 3299 1627 3386 archidamus,
1658 3295 1814 3390 symone
1843 3297 2002 3385 custode,

470 3401 758 3500 Nicolaojilorlra
792 3407 1013 3494 cancellario
1045 3405 1219 3480 Michaeie
1241 3405 1370 3480 Biiden
1409 3405 1633 3480 decretorum
1655 3397 1810 3492 doctore,
1847 3405 2004 3479 iohanne

469 3507 604 3606 Nepam,
626 3513 783 3588 iohanne
799 3513 956 3602 oliieiaii,
977 3513 1124 3589 Nicolao
1138 3516 1370 3602 Stzessconis‚
1394 3515 1598 3602 vincendo,
1614 3513 1786 3601 Boreone,
1800 3513 2003 3602 Pmibisiao‚

470 3618 605 3694 biberto
629 3621 880 3698 (liuschinensi
913 3625 1103 3718 preposito,
1137 3623 1293 3696 iohanne
1317 3613 1372 3696 de'
1396 3624 1579 3709 schahar,
1618 3621 1775 3696 iohanne
1812 3621 2005 3710 Budconis,

471 3721 624 3802 lioriano
645 3729 831 3817 Poklatka,
853 3729 1044 3819 Lodouico,
1066 3730 1242 3818 liliroslao,
1265 3731 1477 3819 Bartbeone‚
1504 3729 1632 3804 Iacobo
1652 3725 1787 3823 'Groiog
1809 3735 1846 3804 et
1867 3731 2005 3816 Mathia

471 3829 574 3925 blida
607 3837 754 3932 prelatis
793 3843 831 3912 et
861 3841 1043 3914 muonicis
1076 3841 1227 3915 aedesio
1258 3845 1379 3914 nostre
1400 3840 1655 3914 Pornanlensis
1679 3838 1726 3911 ad
1747 3858 1878 3912 sonum
1908 3859 2004 3914 eam·

471 3959 555 4032 pane
576 3947 819 4041 capitulariter
840 3949 1079 4042 cougregatis.

620 4143 787 4206 Domi
804 4145 1023 4222 wamiam.
1041 4145 1243 4224 ramma
1261 4163 1287 4204 r
1304 4144 1459 4205 marm
1470 4144 1603 4222 uptun
1617 4141 1792 4218 hfflnind
1811 4144 2004 4222 run-ithai.

470 4237 612 4309 my
628 4234 680 4310 hyl
697 4235 860 4310 pimenio
876 4234 997 4295 (loriam
1014 4237 1192 4312 placamirmi
1210 4255 1250 4295 aa
1262 4235 1421 4296 unnrhaeh
1437 4253 1453 4294 r
1471 4237 1553 4307 iuno
1568 4235 1715 4310 aieiouego
1732 4237 1743 4294 i
1761 4237 1872 4294 denuo
1888 4237 1999 4296 liniato-

471 4330 541 4392 'qo
563 4322 704 4394 Μηδία
720 4327 939 4386 nvlaaaonami.
974 4325 998 4385 Z
1025 4326 1094 4400 aych
1110 4325 1288 4387 doohowaia·
1300 4329 1342 4398 aie
1359 4325 1441 4402 i51ko
1468 4327 1603 4400 piorum
1624 4332 1795 4400 quotove,
1822 4343 1848 4384 rr
1864 4325 2005 4402 mklym

472 4409 622 4484 neuma·
639 4413 746 4486 amhn
763 4415 848 4474 kun
864 4416 1011 4491 nobraia
1026 4415 1090 4475 dim
1106 4416 1202 4488 iniere
1219 4417 1376 4494 popianie3
1395 4433 1416 4474 n
1432 4414 1503 4475 dola
1521 4432 1547 4473 rr
1563 4416 1645 4490 nissp
1663 4415 1795 4488 hiemen
1811 4417 1907 4488 oroba.
1934 4433 2003 4492 puy

472 4495 520 4570 ’Μ
537 4509 629 4564 taren
644 4522 662 4563 ι
678 4503 794 4565 mrem
812 4505 866 4566 adr
882 4507 925 4578 aie
941 4505 1143 4578 sumnam
1877 4509 1879 4514 '

491 4770 500 4790 ·
623 4653 1600 4794 emmerammum-annun

1993 4775 2117 4841 A,
