4706 6356
94 671 100 688 ¹
151 733 160 762 ·
289 783 292 790 .
384 718 439 796 ab.
489 717 587 792 iios.
612 669 1391 805 die13.mensisNovembris,Posdenlae.

509 965 511 968 ⁵
549 986 718 1061 Albanius
750 989 940 1082 episeopus
971 987 1225 1083 Posnanlensls
1255 972 1327 1060 XL‘
1355 1008 1496 1060 mareas
1531 1007 1672 1060 annues
1708 984 1752 1059 de
1785 985 1935 1060 decimis

290 1145 291 1150 =
387 1096 611 1192 quarundam
632 1096 814 1182 ¹uillarum,
839 1117 979 1168 necnon
1002 1101 1198 1190 proventus
1222 1096 1447 1188 quarundam
1472 1096 1623 1169 aliarum
1640 1095 1807 1168 viliorum
1831 1115 1936 1167 cano·

387 1207 478 1280 nieis
502 1210 538 1277 et
560 1207 705 1278 vicariis
730 1204 903 1277 ecclesiae
928 1204 1143 1278 cathedralis
1167 1205 1420 1278 Poenanlensls
1445 1206 1592 1278 conlert.

548 1473 762 1548 innomine
793 1479 918 1547 sancte
950 1479 987 1546 et
1016 1473 1201 1546 indiuidua
1231 1473 1416 1548 Trinitatis
1449 1475 1636 1567 tociusque
1664 1477 1762 1548 curie
1793 1473 1937 1546 celestis

388 1603 503 1658 eman.
548 1582 607 1655 Ad
640 1589 852 1677 perpetuam
883 1585 935 1654 rei
968 1585 1190 1668 memoriam.
1235 1583 1462 1656 lacessenter
1495 1602 1656 1676 quosque
1690 1581 1818 1655 iideles
1850 1601 1936 1654 suos

387 1697 514 1764 sancta
536 1695 652 1764 mater
674 1689 827 1763 ecelesia
855 1695 1031 1763 conuocat
1060 1689 1197 1782 ed‚Dei
1219 1692 1443 1784 proximique
1473 1711 1643 1776 amonem,
1674 1691 1736 1783 qui
1760 1689 1807 1762 ed
1829 1681 1938 1762 'suum

331 1887 335 1895 ι
387 1817 574 1872 recurrens
598 1800 826 1892 principium,
850 1817 917 1870 suo
939 1796 1077 1870 reditus
1100 1799 1240 1888 origini,
1272 1799 1416 1870 reiusus
1440 1819 1506 1872 suo
1529 1799 1633 1884 lenti,
1663 1819 1806 1892 semper
1828 1817 1872 1870 ex
1895 1815 1937 1870 eo

387 1926 546 1992 sumens,
569 1905 663 1978 vnde
686 1908 818 1996 iugiter
831 1905 935 1991 iluet,
958 1908 1097 1998 operari
1120 1925 1349 1996 magnanon
1372 1905 1514 1992 desinit,
1544 1904 1609 1980 sed
1630 1905 1804 2000 plurimos
1828 1905 1938 1978 adse

388 2013 509 2100 trehit,
532 2033 639 2107 quem
664 2032 822 2086 amorem
845 2013 992 2085 habenti
1015 2013 1121 2086 boeto
1144 2013 1258 2099 Petro,
1282 2033 1387 2086 sumo
1411 2015 1654 2109 apostolorum
1675 2015 1802 2086 vertici
1825 2012 1936 2088 domi·

319 2169 321 2174 -
388 2142 457 2216 pus
490 2127 611 2194 noster
644 2175 787 2194 .....
823 2123 939 2214 ipsius
971 2121 1171 2213 poscendas
1209 2125 1391 2194 commisit
1424 2142 1511 2194 oues
1546 2142 1643 2208 sues,
1683 2125 1787 2196 euius
1822 2124 1937 2195 eciam

390 2229 505 2302 diuini
527 2231 659 2302 amoris
682 2229 1050 2322 quantulamcumque
1073 2230 1269 2303 scintillam
1286 2235 1471 2322 acceptam
1494 2233 1647 2323 proximi
1664 2249 1785 2304 amore
1801 2232 1937 2304 nutrire

392 2338 588 2430 cupientes,
622 2341 664 2409 vt
688 2390 1002 2410 ..........
1038 2335 1086 2410 ed
1118 2336 1187 2410 Dei
1221 2336 1408 2410 trahemus
1443 2358 1613 2410 amorem.
1660 2337 1734 2410 Nos
1766 2336 1939 2411 tibertus

388 2445 457 2518 Del
479 2447 603 2536 gracia
624 2443 878 2518 Poznaniensis
903 2446 1093 2538 episeopus
1123 2446 1295 2539 precipue
1325 2465 1413 2519 eura
1435 2444 1619 2536 vigilando
1642 2466 1708 2540 pro
1732 2446 1845 2518 diuini
1869 2445 1941 2518 cul·

388 2556 447 2626 tas
471 2556 663 2644 augmento
687 2573 730 2626 ac
752 2553 853 2625 iuxta
876 2606 1187 2626 ..........
1211 2551 1412 2626 doctrinam
1427 2557 1573 2646 petrum
1589 2573 1676 2644 arga
1694 2556 1811 2646 magis
1835 2553 1939 2627 nobis

308 2678 316 2690 ·
389 2659 477 2734 iidei
500 2660 715 2734 domesticos
742 2660 873 2733 iratres
896 2661 1036 2734 seilicet
1058 2665 1210 2748 nostros,
1240 2665 1364 2735 nostre
1393 2661 1488 2735 diote
1511 2661 1765 2776 Poeneniensis
1789 2662 1941 2735 ecclesie

390 2769 580 2842 emonieos
623 2781 819 2862 eorumque
864 2769 1019 2842 vicarios
1056 2822 1646 2844 ..................
1689 2768 1756 2842 sed
1795 2775 1942 2864 propter
2001 2781 2003 2786 ’

391 2875 499 2949 exiles
522 2877 674 2963 mous,
697 2897 788 2971 quos
812 2877 957 2964 hebent,
987 2879 1223 2950 excusacione
1246 2883 1416 2972 protense
1445 2877 1543 2971 apud
1566 2879 1756 3027 ecclesiam
1779 2881 1941 2952 nostram

390 2985 539 3058 ιιιιιιιιιιιι
568 2984 780 3070 residentes,
811 2981 988 3058 desiderio
1017 2984 1304 3058 desiderauimus
1326 2987 1421 3060 vltra
1455 3040 1942 3061 ...............
1980 3017 1984 3026 ·

391 3145 569 3166 ......
591 3093 734 3170 naliter
745 3092 841 3187 apud
864 3093 1055 3167 ecclesiam
1078 3097 1241 3168 nostram
1261 3093 1461 3189 predictam
1484 3093 1729 3182 residendum,
1764 3100 1942 3187 quatenus

389 3201 428 3318 ln
450 3198 577 3276 eedem
599 3201 746 3340 Domini
769 3201 876 3274 domo
900 3205 1005 3293 quasi
1027 3202 1131 3276 stelle
1153 3206 1192 3275 in
1220 3207 1415 3296 perpetues
1443 3204 1651 3278 eternitates
1674 3191 1847 3290 lucentes,
1875 3203 1944 3277 Dei

392 3361 1049 3384 ....................
1071 3314 1160 3385 nent
1183 3316 1220 3384 et
1252 3311 1425 3406 exemplo.
1470 3309 1669 3405 Elepropter
1695 3309 1741 3384 de
1765 3331 1944 3386 consensu

228 3431 230 3434 ·
312 3465 322 3483 .
390 3397 504 3492 noemi
524 3421 718 3510 nostreque
749 3417 900 3492 ecclesie
930 3417 1079 3512 capituli
1105 3419 1295 3510 generalis,
1329 3417 1378 3494 ad
1399 3419 1469 3492 boe
1491 3419 1695 3513 specialiter
1724 3421 1943 3512 congregati.

391 3519 1273 3600 vnanobie.................'...
1308 3526 1944 3622 prehabltadeeiusdemecclesie

391 3639 513 3707 nostre
539 3633 656 3720 bonis,
684 3633 874 3722 iractibus,
902 3633 1112 3722 redditibus,
1140 3655 1211 3726 que
1233 3635 1422 3752 hucusque
1445 3639 1566 3708 nostre
1595 3655 1722 3710 mense
1749 3637 1944 3796 episcopali

393 3740 654 3828 deeenuebent,
694 3743 776 3836 ipsa
808 3745 933 3816 ιιιιιιιιι
966 3761 1094 3817 mense
1127 3748 1250 3816 nostra
1292 3795 1843 3818 .................
1975 3831 1982 3841 ,

392 3851 595 3943 promisione
619 3854 798 3936 manente,
822 3849 1062 3944 quadraginta
1084 3865 1226 3924 meroes
1248 3871 1456 3942 grossorum
1480 3871 1620 3926 annues
1643 3857 1786 3927 monete
1807 3787 1946 3927 Poioni·

394 3957 482 4030 celis
506 3956 551 4030 de
573 3957 723 4031 decimis
745 3957 915 4030 villarum
939 3960 1035 4032 ciros
1055 3959 1231 4048 scamno,
1256 3961 1353 4034 circe
1376 3961 1605 4048 [Ozemrlrowo
1628 3965 1665 4034 et
1684 3962 1780 4034 circa
1803 3963 1946 4052 VscreP)

396 4065 685 4151 consulendum,
712 4065 882 4140 videlieet
903 4067 1143 4151 Bobrmeniiri,
1175 4069 1343 4151 liutem,
1374 4070 1644 4154 lerdaeoeicee,
1677 4071 1850 4155 emec,
1879 4073 1948 4144 Po·

394 4173 537 4264 bacea,
570 4175 703 4259 eabae
733 4177 890 4260 Beeouo,
926 4177 1039 4260 Gelos,
1074 4175 1230 4260 suono,
1258 4176 1534 4266 P1weepnowo,
1564 4179 1776 4266 Mlmsbouo,
1806 4177 1948 4270 Serape·

395 4281 1433 4371 erbeouo,lderb,dreeclaeeoe,Veeae‚Noueuii1a.simul
1462 4284 1947 4371 caesareensem

396 4388 608 4476 labicnoue,
637 4391 843 4477 Miroeieue
873 4391 1031 4463 Retbeie
1059 4395 1096 4462 et
1123 4392 1229 4464 Miles
1256 4397 1379 4464 nosue
1401 4391 1602 4481 diocesis‚¹)
1633 4447 1846 4468 .......
1851 4449 1881 4472 ,.
1905 4443 1948 4474 ..

399 4547 712 4572 ..........
749 4496 998 4593 percipiendas
1033 4497 1259 4592 deputamus,
1290 4498 1467 4572 donamus
1498 4505 1535 4573 et
1566 4503 1808 4594 assignemus.
1839 4507 1948 4594 atque

398 4621 524 4678 esrum
545 4605 810 4699 possessionem
832 4607 967 4680 realem
990 4610 1028 4678 et
1050 4606 1270 4700 corporalem
1293 4628 1316 4680 a
1338 4608 1442 4681 nobis
1458 4610 1663 4700 nostrisque
1676 4611 1947 4686 successoribus

400 4730 444 4784 ae
475 4717 601 4786 nostra
631 4717 669 4786 et
701 4767 1120 4788 .............
1147 4719 1363 4808 perpetuum
1392 4736 1627 4808 segregamus
1655 4722 1693 4791 et
1726 4717 1948 4807 abdicamus,
2108 4793 2113 4801 ,
2247 4739 2251 4746 ·

398 4817 644 4912 tradunusque
665 4823 705 4894 in
732 4820 800 4894 Dei
830 4823 977 4895 ιιιιιιιιιιιΙ
1000 4841 1066 4916 per
1093 4829 1279 4915 presentes
1311 4825 1351 4898 in
1373 4827 1621 4916 augmentum.
1650 4825 1891 4901 reiecclonem
1912 4833 1950 4902 et

399 4925 672 5002 cottidianarum
695 4927 996 5003 distribueionum
1020 4930 1249 5024 presentibus
1277 4933 1316 5005 ln
1348 4929 1375 5005 d
1398 4985 1748 5008 ...........
1777 4939 1817 5011 ιιι
1839 4935 1948 5010 choro

385 5034 549 5109 ecclesie
569 5042 692 5110 nostre
721 5036 897 5110 ιιιιιιιιιιι
929 5036 1008 5112 dari
1030 5037 1228 5126 column,
1258 5041 1419 5134 ipsisque
1440 5037 1704 5116 releoeionlbus
1727 5047 1765 5116 et
1786 5043 1948 5120 cottidie·

398 5143 457 5218 nis
480 5141 797 5218 distribuelonlbus
829 5144 997 5219 addimus
1021 5147 1058 5218 et
1087 5148 1202 5219 eciam
1232 5147 1433 5242 eplicemue
1465 5147 1732 5224 distribuendas
1760 5151 1948 5242 beonredo,

403 5253 444 5322 ιιι
480 5251 648 5336 uidelicet
682 5254 804 5340 tercia,
839 5257 968 5344 quarta
1001 5253 1062 5328 uel
1093 5255 1220 5356 quinta
1249 5261 1313 5328 eut
1346 5255 1419 5331 alla
1450 5260 1685 5332 conueniente
1714 5258 1772 5332 dle
1793 5264 1955 5356 tempore
2011 5282 2012 5285 ‘

401 5357 594 5434 cuiuslibet
628 5361 776 5454 capituli
799 5367 920 5434 nostre
943 5362 1094 5436 ecclesie
1122 5363 1325 5454 generalis..
1342 5362 1439 5455 quod
1468 5365 1525 5438 bis
1555 5365 1754 5442 celebretur
1783 5371 1822 5470 in
1845 5389 1951 5463 enno
