4734 6356
353 496 376 564 4

356 689 464 761 1111111
502 689 736 762 Perneniensl
771 689 960 780 episeopis,
996 687 1221 778 Sondiwoglo
1263 687 1416 760 Suidnn
1453 689 1695 776 Pornaniensi,
1737 689 1894 768 Iohanne

356 796 1001 883 1111111111111111511111101111
1018 799 1282 885 Korrpeepvlpe
1297 795 1491 868 Sirediensi
1507 798 1685 888 palatinis,
1702 799 1895 889 multisque

357 903 679 1106 glailjlsoeliglreydignis.
725 903 860 978 Datum
883 923 948 998 per
970 925 1100 978 manus
1123 902 1317 978 Clementis
1334 901 1386 1002 'de
1407 905 1632 992 Moslwrsow,
1663 905 1744 1041 aule
1776 909 1895 979 nostra

519 1209 613 1268 Series
631 1210 844 1285 privilegiorum
858 1209 1019 1269 monasterii
1034 1205 1192 1268 mensis
1203 1207 1247 1266 tie
1268 1207 1292 1266 B
1309 1227 1325 1266 z
1343 1207 1435 1266 xvn
1454 1208 1555 1280 uielru,
1573 1217 1622 1268 etr.
1636 1213 1683 1282 38,
1700 1229 1725 1269 11
1742 1210 1896 1270 archivum

230 1303 236 1310 “
356 1297 511 1372 mpdenern
530 1317 556 1357 11
574 1299 730 1359 Peznsnln
1163 1381 1166 1388 Ι
1591 1334 1611 1370 ,-
1675 1375 1678 1384 .

523 1481 544 1554 ¹)
564 1479 746 1550 usam
765 1479 832 1538 eres
850 1479 888 1552 ej
908 1458 1005 1553 nes,
1023 1477 1085 1536 ass
1103 1477 1151 1535 us
1168 1477 1289 1549 suerso,
1308 1477 1458 1537 erumna
1476 1450 1609 1538 msera
1625 1497 1727 1550 „ms

283 1827 289 1834 ’
360 1881 392 1947 1.
441 1837 545 1948 141οζ
564 1874 623 1949 ue
646 1881 701 1948 ee.
726 1878 861 1948 mense
883 1875 1028 1969 Aprilis,
1052 1875 1091 1945 m
1113 1875 1261 1963 noane.

411 2119 415 2127 -
522 2071 734 2146 Dominieus
758 2073 868 2149 abbas
900 2059 1106 2145 monasterii
1136 2070 1427 2144 cisterciensium
1450 2070 1496 2144 de
1523 2072 1628 2145 Clara
1661 2072 1800 2146 Tumba
1828 2093 1901 2146 me·

360 2183 515 2271 gistrum
547 2181 716 2253 laeobum
746 2203 774 2254 s.
800 2181 905 2254 theol.
929 2179 1178 2274 professorem,
1208 2185 1475 2273 procuratorem
1506 2201 1614 2254 suum
1644 2178 1691 2252 ad
1723 2179 1901 2272 synodum

360 2289 631 2362 Leneieiensem
655 2291 849 2362 constituit

325 2574 332 2581 ¹
522 2485 597 2559 Nos
621 2485 733 2558 irater
754 2487 964 2558 Dominieus
994 2486 1106 2559 abbas
1136 2487 1343 2578 monasterij
1369 2485 1594 2558 Cleretumbe
1617 2486 1751 2559 ordinis
1775 2486 1901 2560 Cister·

362 2597 505 2690 elensis,
541 2593 815 2684 Cralcouiensls]
841 2595 1003 2679 dioeesis,
1027 2593 1169 2687 publice
1191 2595 1482 2683 recognoscimus
1506 2613 1569 2686 per
1592 2601 1787 2688 presentes,
1818 2615 1902 2686 quo·

362 2701 468 2774 modo
490 2702 733 2774 venerabilem
752 2708 789 2773 et
810 2703 1017 2792 religiosum
1039 2703 1167 2786 11111111,
1192 2703 1407 2791 magistrum
1429 2701 1597 2773 Iacobum
1622 2703 1734 2790 [sacre
1757 2702 1902 2792 theoto]-

361 2813 420 2902 gie
458 2810 709 2904 professorem,
747 2813 974 2904 presencium
1006 2813 1247 2894 ostensorem,
1273 2809 1525 2881 constituimus
1556 2814 1592 2881 et
1625 2809 1832 2882 ordinemus
1864 2811 1903 2882 111

361 2925 526 2991 nostrum
549 2938 675 2989 verum
707 2923 743 2988 et
764 2910 981 3008 legittimum
1015 2937 1167 3008 procura
1181 2919 1307 3006 [torem
1320 2971 1440 2988 ......
1476 2917 1670 3008 specialem
1693 2915 1738 2987 ad
1762 2936 1903 3009 eompa-

362 3026 515 3098 rendum
538 3046 603 3119 pro
627 3025 730 3096 nobis
753 3028 791 3096 111
815 3024 950 3116 synodo
966 3024 1175 3118 provinciali
1195 3026 1233 3096 in
1263 3026 1408 3096 ciuitate
1432 3025 1655 3096 Leneiciensi
1679 3023 1903 3114 eelebra[ndo

361 3155 425 3226 pro
449 3133 554 3221 festo]
581 3135 696 3204 saneti
720 3133 889 3205 Stanislni
913 3131 957 3204 de
980 3152 1103 3204 mense
1125 3131 1209 3224 ltleij
1234 3133 1394 3224 proxime
1416 3131 1548 3216 tuturo,
1572 3130 1699 3204 dentes
1722 3137 1759 3204 et
1782 3152 1903 3205 oenoe·

364 3241 490 3314 dentes
514 3240 632 3312 eidem
656 3243 827 3331 magistro
850 3240 994 3332 plenem
1020 3243 1068 3328 [et
1083 3239 1325 3312 omnimodam
1340 3243 1567 3332 potestatem]
1590 3238 1636 3311 ad
1659 3238 1903 3313 excusandum

364 3369 430 3421 nos
454 3372 477 3422 e
498 3348 678 3443 personali
702 3349 962 3440 eompnrieione
991 3351 1030 3419 in
1053 3347 1149 3419 dieta
1178 3345 1326 3438 synodo,
1360 3355 1396 3420 et
1427 3345 1472 3420 ad
1504 3347 1724 3438 elligendum
1757 3351 1793 3420 et
1826 3368 1904 3439 pro-

362 3457 547 3546 ba[ndum
560 3510 701 3528 .......
737 3461 776 3528 ta
805 3461 841 3526 et
871 3475 999 3527 causas
1022 3455 1268 3540 racionabiles,
1300 3475 1376 3536 eur
1395 3461 1430 3526 et
1454 3475 1564 3545 quare
1587 3457 1625 3526 in
1648 3454 1745 3526 dieto
1767 3453 1903 3546 synodo

363 3553 599 3658 personaliter
633 3583 837 3662 comparere
864 3583 936 3634 non
962 3565 1180 3654 [potuimus],
1212 3583 1254 3634 ae
1285 3561 1330 3634 ed
1360 3561 1584 3654 probandum
1615 3563 1729 3634 dietus
1759 3583 1904 3634 exeusa-

365 3677 486 3746 eiones
510 3681 729 3756 esse'vereS,
761 3671 877 3742 medio
900 3672 1100 3742 iuramento
1135 3690 1212 3755 suo,
1245 3671 1282 3740 in
1313 3673 1472 3742 animam
1505 3679 1664 3742 nostram
1698 3669 1903 3762 prestanldo

364 3785 446 3871 nelo
480 3801 553 3853 non
577 3786 614 3852 et
637 3781 708 3851 alie
730 3777 905 3864 iaciendo,
939 3797 1008 3869 que
1038 3779 1075 3849 in
1099 3778 1196 3850 dieta
1218 3777 1355 3868 synodo
1388 3798 1454 3850 uos
1486 3777 1605 3849 iacere
1635 3797 1835 3868 possemus,
1873 3779 1904 3848 si

366 3889 483 3960 eidem
506 3887 643 3980 spmodo
667 3887 901 3981 personaliter
926 3885 1175 3974 [adessemuslz
1198 3887 1447 3978 promittentes
1470 3905 1536 3957 nos
1560 3890 1678 3956 return
1702 3889 1738 3955 et
1761 3890 1904 3974 gratum

364 3998 561 4083 habituros,
597 3995 746 4087 quiquid
775 3997 814 4068 in
844 3994 940 4065 dicta
974 3992 1109 4084 synodo
1141 3994 1349 4064 conclusum
1387 3993 1496 4064 fuerit
1509 4048 1630 4063 ......
1672 3993 1906 4084 personaliter

365 4107 633 4176 interessemus.
681 4105 815 4175 Datum
849 4107 884 4173 et
915 4105 1035 4172 ectum
1068 4103 1107 4172 in
1137 4100 1378 4185 Claratumbe,
1415 4121 1507 4172 anno
1537 4099 1681 4172 Domini
1716 4100 1904 4172 millesimo

366 4211 730 4304 qrradringentesimo,
763 4211 852 4282 ieris
875 4213 1001 4301 quinte
1032 4214 1113 4301 post
1136 4213 1284 4281 oetauas
1318 4207 1439 4289 Pasce,
1472 4209 1589 4298 sigillo
1620 4212 1740 4279 nostro
1763 4227 1905 4300 presen-

365 4321 464 4392 tibus
487 4319 726 4412 subappenso.

529 4517 669 4590 Oryginnl
687 4517 905 4590 pergaminewy,
923 4515 1054 4572 anneznie
1073 4515 1185 4588 zetinly,
1213 4513 1415 4590 pmeehonany
1434 4531 1459 4568 re
1477 4513 1630 4570 arehinum
1656 4511 1786 4586 kapituly
1804 4517 1905 4568 metro·

363 4609 514 4684 politnlnej
534 4605 755 4680 gniez'nieriskiej
785 4607 834 4679 (N.
849 4607 925 4677 269),
953 4613 1107 4680 opetrnony
1132 4605 1179 4678 byl
1198 4604 1360 4680 piornotnie
1378 4603 1461 4674 iodim
1479 4603 1625 4677 pieczerip,
1653 4619 1690 4676 po
1708 4601 1797 4672 litorei
1826 4599 1905 4674 tylko

363 4699 456 4776 presel:
474 4698 685 4772 pergamiuouy
703 4697 836 4770 pozestrd.
