4720 6360
178 573 393 693 'rad

326 817 405 891 loco
428 835 556 892 uocem
579 819 617 890 in
641 815 822 912 cappitulo
857 835 941 890 eum
973 813 1195 910 plenitudine
1224 817 1312 890 iuris
1347 817 1509 890 canonici
1543 817 1665 910 ipsum
1691 818 1868 912 recipietis

327 929 364 997 et
386 925 432 998 ab
455 926 538 1018 alijs
562 929 743 998 canonicis
767 923 929 1014 eiusdem
952 925 1103 997 ecclesie
1136 925 1247 1019 recipi
1280 924 1423 998 faciatis
1460 927 1498 998 in
1529 925 1742 998 canonicum
1771 931 1808 1000 et
1833 931 1868 1009 in

328 1033 487 1116 iratrem,
533 1033 707 1106 iacientes
745 1033 892 1107 inducto
933 1032 978 1104 da
1015 1032 1224 1118 redditibus,
1254 1033 1486 1126 prouentibus
1524 1037 1560 1106 et
1596 1032 1869 1114 obueneionibus

328 1143 508 1213 vniuersis
531 1142 646 1232 ipsius
675 1141 855 1235 prebende
880 1161 902 1212 a
928 1138 1158 1234 reddituarijs
1182 1145 1218 1212 et
1241 1141 1440 1232 censuariis
1474 1143 1614 1232 integre
1648 1142 1869 1235 respondere.

329 1249 464 1322 Datum
493 1249 729 1323 Wiadielauie
758 1249 816 1322 die
846 1249 932 1322 XVI
959 1251 1096 1322 mensis
1125 1247 1355 1342 Septembris,
1387 1268 1480 1321 auno
1510 1249 1654 1322 Domini
1683 1248 1869 1330 millesimo

328 1355 679 1498 quadringentarum
701 1377 807 1444 nono,
831 1359 952 1431 noatm
975 1356 1043 1429 sub
1067 1355 1195 1448 sigilio.

490 1553 659 1614 Doknmmt
674 1554 895 1632 pergenium,
912 1553 994 1612 niaco
1010 1553 1185 1626 saincnooy,
1199 1536 1439 1627 praecbowsnyw
1451 1553 1606 1612 archivum
1624 1552 1755 1628 ιιιιὶιιιιι
1772 1562 1870 1618 neno

327 1643 1058 1720 puteumignieanieiekiejffl.³1re),opscmy
1081 1643 1123 1716 jes
1093 1643 1229 1715 ιιιπιιιιι
1246 1643 1390 1718 pioesqtkq
1406 1643 1574 1717 oqugiqe
1557 1644 1672 1702 eciem
1673 1660 1788 1717 negor
1763 1643 1866 1718 ’,σὼ

330 1733 523 1806 ιιιίιιιιιιιιιιι
525 1735 647 1808 :puin
661 1735 909 1810 perminorem.
946 1733 1062 1804 Pisasqe'
1080 1733 1226 1807 wyobrata
1242 1734 1382 1808 popiesaia
1355 1733 1488 1792 remetiri
1502 1733 1650 1804 Boskieie
1667 1733 1871 1809 demtum,

328 1831 461 1914 otoerorn
478 1823 683 1900 pronissimi.
721 1823 759 1882 W
775 1825 865 1882 otokn
882 1823 965 1900 napis
983 1841 1032 1881 scs
1050 1823 1190 1897 uniny,
1208 1824 1333 1898 praecisa
1349 1823 1536 1897 nieuytdoy.

432 2039 434 2044 -
494 1999 1663 2078 prromunegoykouagueueenorymmmmpoarnm

331 2405 407 2474 158.
457 2403 555 2473 1409.
579 2399 638 2474 die
661 2404 716 2474 28.
742 2401 878 2473 mensis
902 2397 1075 2486 Octobris,
1098 2399 1138 2473 in
1160 2401 1318 2488 θραιόιι.

382 2973 386 2981 .
494 2902 715 3006 wladislaus
738 2901 807 2976 Det
829 2851 954 2994 gracia
974 2922 1037 2976 rex
1050 2901 1206 2990 Polonie,
1230 2903 1490 2996 Lithuanieque
1505 2906 1671 2997 princeps
1687 2924 1873 3030 supremus
1902 2901 1911 2918 '

330 3013 493 3086 etherea
516 2992 655 3096 Russie,
679 3010 931 3112 dgniiioamus
954 3014 1076 3084 tenore
1098 3014 1336 3105 presencium,
1360 3012 1491 3103 quibus
1515 3011 1665 3104 expedit,
1688 3013 1873 3099 uniuersis,

330 3119 507 3213 quomodo
531 3118 576 3192 ob
596 3121 729 3198 merite
739 3105 904 3191 fidelium
914 3118 1182 3210 obsequiorum,
1206 3118 1337 3210 quibus
1351 3118 1526 3192 Iohannes
1541 3117 1586 3193 dc
1601 3123 1735 3192 Rideto
1757 3123 1875 3192 noster

330 3227 450 3301 fideus
473 3226 637 3313 dilectus,
667 3215 775 3299 noue
793 3227 936 3320 plaeere
959 3228 1091 3328 menrit
1112 3230 1149 3298 et
1177 3226 1296 3300 adhue
1325 3229 1550 3321 prestanoius
1573 3230 1703 3321 poterit
1725 3227 1874 3321 comple·

333 3355 424 3422 cere,
464 3333 510 3407 ad
543 3337 792 3425 instantesque
827 3336 1025 3427 peticiones
1061 3337 1176 3428 ipsius
1212 3337 1371 3407 ciuitatis
1408 3337 1595 3423 Ridaioffl)
1634 3335 1874 3408 madicionem

332 3444 494 3516 volentes
524 3443 644 3514 iacere
674 3443 868 3526 meliorem,
899 3441 1065 3514 omnibus
1097 3447 1133 3514 et
1162 3443 1315 3533 singulis
1339 3443 1595 3516 mercatoribus
1619 3447 1656 3514 et
1678 3444 1875 3515 cuiuscum-

331 3572 402 3646 que
426 3556 543 3626 status
568 3554 604 3623 et
627 3548 845 3622 condicionis
868 3548 1074 3622 hominibus
1100 3570 1182 3623 cum
1205 3551 1414 3644 peccoribus
1445 3555 1481 3622 et
1502 3551 1693 3622 immeritis
1715 3551 1773 3622 uel
1796 3550 1874 3642 aliJs

311 2659 377 2778 m
481 2595 714 2778 nifbderzdislaus
735 2595 775 2670 Π.
799 2616 863 2670 rex
883 2550 1051 2670 Poloniae
1080 2596 1220 2670 civibus
1249 2596 1294 2670 de
1323 2599 1475 2765 Rudepo
1504 2601 1750 2726 immunitates
1773 2619 1873 2690 quas

377 2726 415 2780 m
439 2726 480 2779 eo
870 2747 877 2760 ·

331 3660 381 3733 ibi
404 3660 534 3751 emptis
558 3655 747 3729 recedendi
767 3657 912 3750 plenem
936 3663 973 3730 et
995 3657 1238 3731 omnimodam
1262 3659 1491 3732 concedimus
1507 3662 1629 3730 tenore
1651 3660 1924 3750 presencium·
2036 3661 2043 3676 “
2166 3679 2170 3688 ·

332 3767 553 3851 facultatem,
578 3764 625 3836 ed
648 3769 769 3838 nostre
792 3762 980 3838 dumtaxat
993 3765 1478 3858 beneplacitunvoluntatis.
1525 3766 1636 3838 Vobis
1659 3769 1771 3857 igitur
1785 3765 1875 3858 capi·
2013 3763 2016 3769 ’

331 3877 458 3958 tanais,
487 3872 704 3964 burgrabije,
736 3873 1036 3965 procuratoribus,
1068 3873 1435 3967 viceproeuratoribus
1467 3873 1619 3966 aiijsque
1643 3875 1745 3964 regni
1766 3873 1875 3946 nostri

330 3982 548 4055 oiiioiaiibus
583 3984 620 4052 et
655 4000 780 4053 eorum
811 3981 1128 4073 vicesgcrantibus,
1159 3982 1292 4054 nostris
1328 3984 1435 4054 certis
1470 3981 1599 4053 damus
1626 3982 1807 4071 regalibus
1839 3981 1875 4052 in

332 4089 523 4174 mandatis,
554 4092 732 4180 quatenus
757 4107 882 4161 omnes
905 4093 942 4160 et
964 4090 1126 4180 singulos
1155 4088 1319 4161 homines
1343 4109 1426 4162 cum
1449 4091 1609 4182 ipsorum
1632 4089 1819 4181 pecoribus
1833 4089 1876 4180 et

332 4199 524 4271 frumentis
547 4199 586 4269 in
608 4198 743 4268 Rideto
766 4200 995 4270 transeuntes
1018 4201 1055 4268 et
1076 4200 1229 4270 trausim
1251 4198 1412 4270 volentes
1435 4197 1494 4268 vel
1517 4195 1646 4270 abinde
1661 4196 1874 4277 recedentes,

217 4343 221 4350 .
334 4305 433 4378 nulla
454 4306 672 4398 presumatis
695 4303 869 4398 impedire
892 4307 1035 4377 racione
1057 4304 1207 4390 tamdiu,
1231 4325 1417 4397 quousque
1432 4327 1454 4376 ιι
1469 4304 1572 4376 nobis
1597 4303 1694 4376 aliud
1716 4303 1875 4378 habueri·

331 4417 379 4485 tis
402 4415 441 4484 in
470 4411 659 4484 mandatis.
707 4411 841 4484 Datum
864 4413 904 4484 in
927 4413 1074 4500 Opotoro
1097 4412 1188 4484 ieria
1209 4411 1370 4485 secunde
1391 4416 1429 4484 in
1458 4411 1517 4483 die
1540 4412 1696 4485 Simonis
1728 4416 1765 4484 et
1793 4408 1875 4484 lude
1906 4487 1910 4496 ,

330 4520 517 4593 beatorum
541 4515 822 4613 (apostolorum),
847 4539 940 4592 enno
964 4519 1109 4592 Domini
1132 4521 1321 4593 millesimo
1337 4520 1688 4612 quadringentesimo
1711 4538 1814 4592 nono.
1832 4552 1874 4568 ·-

331 4628 473 4700 Relacio
497 4627 633 4700 domini
656 4627 793 4700 Nicolai
816 4627 1112 4721 vicecancellarii.

492 4823 571 4883 Toka
598 4823 810 4882 Necessariae
839 4825 874 4883 10
892 4825 931 4884 N.
950 4825 1003 4884 136
1021 4825 1206 4899 eurymenis
1227 4803 1485 4900 ΙιιιιιςιιιιίιιοιιιςοΙ
1513 4823 1748 4900 pnechowenego
1774 4817 1874 4896 niegdr

281 4983 285 4990 .
330 4935 357 4974 ιι
375 4915 538 4974 ΔιιΙιίιιιιιιι
556 4914 720 4973 korcnnorc.

496 5097 517 5168 ¹)
535 5095 655 5170 Hydepo
672 5094 843 5154 miaetecako
861 5093 967 5172 uiegdy
985 5113 1011 5153 rr
1030 5095 1090 5168 oroi.
1108 5091 1320 5170 poeuadskiem,
1338 5113 1408 5172 pore.
1428 5093 1630 5154 kodcier'rskim.
1667 5040 1673 5053 ’

2086 3883 2160 3976 roo.
2209 3879 2306 3949 1410.
2337 3904 2345 3935 ·

2245 4089 2358 4165 Pribis

2087 4223 2215 4278 manus
2237 4201 2313 4322 loa
2331 4229 2338 4261 ι

2247 4415 2326 4489 Nos·
2354 4423 2360 4446 ¹

2090 4550 2150 4600 cas
2173 4544 2356 4618 grossom

2091 4635 2255 4726 draginta
2277 4635 2355 4703 octo

2002 4775 2003 4780 ¹
2092 4746 2147 4814 nis
2171 4741 2215 4813 de
2237 4741 2352 4828 dezi

2092 4849 2244 4934 Polonie,
2269 4845 2314 4919 ad
2338 4847 2353 4916 i

2093 4977 2176 5032 nem
2199 4957 2296 5030 mille
2320 4975 2356 5025 m

2093 5085 2174 5138 rum
2197 5067 2270 5136 iam
2289 5062 2333 5135 de

2096 5179 2130 5245 ct
2152 5173 2291 5246 soluere
2314 5171 2344 5240 si

2096 5285 2215 5353 turum
2239 5297 2310 5352 non
2332 5297 2360 5347 sr

2097 5379 2331 5478 possidemus,

1961 5593 1965 5598 Ι
2052 5585 2062 5605 ·
2099 5495 2245 5568 liberam
2268 5490 2359 5564 habe
