4722 6360
27 2571 68 2640 et
95 2571 266 2648 scultetos

0 2904 11 2933 ι
33 2877 71 2946 ἰο
99 2879 171 2947 wsi
193 2875 264 2948 irre

10 2985 36 3045 “«
51 2983 158 3074 olaja
183 2984 263 3054 daie·

17 3090 45 3162 h
72 3091 139 3182 pol
163 3093 177 3161 i
198 3091 262 3178 lak.

10 3230 15 3257 ι
69 3204 132 3270 6w
162 3217 181 3268 z
203 3203 261 3267 usi

18 3309 57 3378 'e
93 3305 140 3376 od
175 3305 261 3382 nich.

0 3448 33 3475 aa
70 3395 270 3485 krailestwu

0 3523 70 3594 sch
95 3522 256 3609 soltpsda·

1 3662 20 3691 ι.
55 3625 255 3723 puysqdza

1850 500 2002 632 »οὶ
2146 475 2192 560 “.

472 707 565 804 Pauli
589 703 674 787 dieti
705 701 911 804 Smacayna
943 697 1234 792 molendinatoria
1258 711 1453 786 molendini
1475 715 1587 786 nostri
1622 717 1706 786 ante
1729 713 1853 788 villam
1876 735 2001 786 mense

473 831 585 912 nostre
607 817 835 896 &rochellam
847 825 872 910 ¹)
896 823 935 894 iu
957 822 1108 894 ilumine
1134 823 1362 896 Wrzoaaewe
1385 825 1455 908 siti,
1488 822 1625 894 dictum
1649 823 1894 897 molendinum
1917 845 2001 896 cum

473 941 542 1018 suis
564 931 730 1006 omnibus
754 930 991 1005 emolimentis
1014 930 1153 1023 prelato
1168 930 1296 1018 Paulo,
1319 931 1441 1003 liberis
1465 935 1501 1004 et
1523 933 1599 1004 suis
1615 934 1884 1005 successoribus
1899 933 2001 1024 legit

473 1048 563 1126 umis
585 1038 812 1135 vendidimus
836 1059 899 1131 pro
924 1045 1021 1111 certa
1042 1040 1194 1131 pecunie
1218 1042 1427 1132 quantitate,
1458 1061 1522 1132 per
1544 1043 1664 1132 ipsum
1687 1041 1837 1114 Paulum
1863 1045 1900 1113 et
1921 1062 2001 1114 sue

473 1169 623 1234 cessores
657 1168 742 1220 suos
780 1149 975 1238 legittimos
1013 1147 1193 1239 predictos
1229 1149 1436 1232 tenendum,
1475 1149 1742 1234 cumulandum,
1783 1149 2000 1234 donandum,

472 1255 701 1341 vendendum,
725 1255 770 1328 de
793 1259 914 1328 nostro
937 1260 1261 1328 tamen-consensu
1283 1257 1441 1348 speciali,
1465 1261 1528 1329 aut
1550 1278 1615 1351 per
1637 1279 1677 1330 se
1692 1261 1770 1329 iure
1786 1256 1999 1330 hereditario

471 1362 730 1470 possidendum,
760 1364 981 1456 temporibus
1011 1365 1193 1457 perpetuis
1228 1361 1419 1436 duraturis.
1465 1363 1522 1436 De
1551 1365 1768 1457 quoquidem
1796 1364 2000 1437 molendino

473 1487 543 1575 ipse
575 1471 706 1546 Paulus
742 1475 778 1544 et
811 1473 1002 1564 posteritas
1032 1491 1100 1542 sua
1133 1470 1340 1564 supradicta
1362 1491 1473 1544 vnam
1495 1493 1655 1546 marcam
1679 1493 1763 1545 cum
1786 1477 1866 1544 octo
1889 1475 2000 1545 scotis

471 1585 604 1664 monete
627 1584 664 1652 et
685 1581 826 1676 numeri
849 1581 887 1650 in
909 1599 1019 1669 regno
1043 1579 1186 1651 Polonie
1210 1581 1447 1652 communiter
1461 1583 1697 1666 curreneium,
1721 1583 1759 1652 ia
1775 1580 1867 1654 festo
1883 1581 2000 1652 saneti

471 1691 605 1771 Martini
633 1688 816 1782 pontificis
846 1690 882 1759 et
897 1687 1119 1759 confessoris
1150 1689 1302 1777 singuiis
1333 1690 1437 1760 annis
1460 1708 1524 1781 pro
1548 1709 1659 1761 censu
1682 1689 1786 1760 nobis
1810 1691 1846 1758 et
1868 1687 2000 1759 nostris

471 1793 728 1877 successoribus
752 1795 891 1867 soluere
914 1796 987 1868 siut
1010 1797 1156 1866 asbieti.
1203 1796 1278 1868 Hoc
1301 1795 1417 1868 edicto
1440 1798 1598 1888 speciali,
1622 1795 1718 1888 quod
1734 1795 1851 1867 dictus
1866 1795 1999 1868 Paulus

471 1916 503 1986 et
522 1927 588 1980 sua
608 1905 798 1998 posteritas
821 1901 982 1996 predicta
1003 1901 1186 1976 frumenta
1206 1923 1270 1996 pro
1295 1902 1453 1976 aduentu
1476 1910 1598 1976 nostro
1613 1908 1650 1977 et
1664 1905 1878 1976 necessitate
1902 1903 2000 1973 curie

470 2020 582 2094 nostre
612 2012 747 2105 absque
780 2015 988 2104 reeepeione
1023 2011 1174 2083 alieuius
1202 2015 1352 2084 metrete
1387 2013 1528 2096 molere,
1564 2013 1709 2085 edificia
1743 2030 1884 2103 quoque
1912 2008 2000 2082 dicti

471 2119 656 2202 molendini
677 2123 717 2194 in
739 2123 855 2193 totum
879 2121 1024 2210 erigere,
1050 2119 1201 2191 molares
1225 2123 1262 2190 et
1283 2118 1466 2192 frumenta
1495 2141 1613 2192 emere
1637 2123 1673 2194 et
1697 2133 1867 2210 aggerem
1889 2117 1998 2190 refor-

471 2251 571 2316 mare,
600 2231 671 2302 alsi
693 2228 888 2300 vehemens
919 2247 1011 2319 aque
1040 2229 1196 2319 impetus
1226 2229 1347 2320 ipsum
1377 2247 1547 2318 aggerem
1577 2228 1787 2328 destrueret,
1816 2227 1880 2298 vbi
1910 2230 1999 2298 tunc

470 2361 528 2416 nos
550 2341 586 2412 et
607 2356 832 2410 successores
855 2337 968 2408 nostri
990 2334 1193 2408 subsidium
1216 2335 1285 2406 sibi
1315 2334 1401 2407 dare
1431 2335 1652 2422 debebimus,
1682 2335 1871 2408 tenebitur.
1918 2333 1999 2405 Pne-

470 2457 560 2522 terea
588 2445 705 2517 eidem
734 2445 844 2518 Paulo
877 2448 913 2517 et
942 2445 1142 2536 posteritati
1173 2462 1239 2516 sue
1261 2443 1421 2537 predicte
1450 2465 1563 2516 vnum
1595 2448 1714 2517 ortum
1744 2443 1878 2515 ibidem
1902 2443 1999 2514 circa

469 2553 713 2639 molendinum,
738 2558 875 2626 certum
897 2555 936 2624 in
960 2553 1078 2625 Ooszie
1099 2553 1265 2624 rubetam
1289 2571 1353 2646 pro
1378 2554 1474 2643 agris
1497 2550 1727 2646 extirpandis,
1751 2556 1857 2646 prout
1878 2556 1998 2644 potest

470 2683 588 2755 agmm
609 2660 741 2735 habere
765 2665 801 2732 et
823 2661 873 2733 lbi
897 2661 1027 2732 siluam
1051 2658 1250 2733 secundum
1274 2653 1402 2751 agnam
1425 2679 1488 2754 pro
1504 2665 1606 2754 prato
1622 2658 1849 2732 reformando
1869 2680 1996 2731 annec-

469 2775 570 2844 timus
593 2774 629 2842 et
657 2768 834 2843 donamus
866 2767 911 2840 de
945 2771 1068 2859 gracia
1101 2769 1257 2862 specialt
1303 2769 1440 2841 Harum
1473 2769 1604 2860 quibus
1637 2769 1798 2858 sigillum
1831 2772 1995 2841 nostrum

469 2897 657 2972 appensum
680 2881 736 2950 est
757 2878 961 2950 testimonio
983 2877 1178 2949 literarum.
1223 2878 1358 2948 Actum
1388 2880 1425 2949 et
1454 2875 1579 2950 datum
1601 2879 1641 2950 in
1664 2877 1884 2948 Groeholicee
1906 2876 1998 2947 ieria

468 2987 502 3058 ll.
541 2987 579 3058 ta
612 2970 768 3059 cauno
807 2987 932 3056 sancte
972 2983 1094 3056 Llucie
1125 2985 1287 3075 virginis,
1328 3004 1422 3057 anno
1459 2984 1604 3058 Domini
1642 2985 1994 3077 quadringentesimo

469 3095 591 3185 quinte
637 3093 866 3166 Presentibus
892 3092 1165 3175 honorabilibus
1184 3097 1221 3164 et
1250 3093 1416 3164 discretis
1437 3095 1536 3178 viria,
1566 3092 1721 3166 dominia
1745 3093 1849 3164 Petro
1871 3111 1995 3185 prepo-

467 3203 528 3272 sito
556 3197 892 3292 erapelyewiensi,
923 3199 1117 3273 Benedicta
1145 3205 1283 3273 rectore
1314 3203 1463 3273 ecclesie
1493 3201 1538 3273 de
1566 3205 1769 3287 Βοοοεοοοο,
1794 3200 1993 3284 Clemente,

468 3307 581 3380 laoobo
603 3313 640 3382 et
662 3309 808 3382 Nicolao
832 3309 1025 3401 capellanis
1049 3313 1086 3381 et
1108 3311 1258 3402 neurus
1289 3308 1370 3381 aare
1393 3313 1514 3381 nosue
1537 3314 1573 3381 et
1596 3309 1678 3403 alijs
1710 3307 1873 3403 pluribus
1895 3311 1994 3380 testi·
2219 3393 2221 3400 ,

467 3413 526 3486 aas
548 3415 749 3507 adauges.
798 3431 801 3436 ·

615 3613 783 3672 Dokamem
808 3615 1027 3691 pergamiuovp,
1054 3613 1255 3688 praeehcmy
1272 3631 1298 3672 v
1315 3613 1470 3674 archivum
1495 3615 1628 3692 kapituiy
1653 3615 1890 3692 meumeualnej
1913 3617 1993 3692 gaia·

466 3698 617 3776 ffldsbei.
649 3710 803 3780 cremona
830 3704 880 3778 bri
904 3705 1067 3780 rimotuie
1093 3703 1178 3782 ledae
1195 3705 1342 3780 risseio·
1370 3723 1407 3782 oo
1434 3706 1523 3777 marai
1552 3707 1633 3780 ti¹k⁰
1659 3707 1781 3764 *mure*
1807 3725 1824 3764 ¹
1846 3723 1993 3787 pacm

466 3786 672 3868 lmebiukicgo
689 3793 830 3866 lodwebla
847 3795 981 3870 macchi
1226 3797 1231 3808 '
1906 3817 1910 3826 '

460 3979 466 3991 ’
616 3975 639 4049 ¹)
661 3974 819 4034 &mea
835 3991 966 4051 sepem
983 3971 1090 4048 nisgdy
1106 3974 1284 4046 minteeakn
1307 3977 1423 4036 obccme
1445 3978 1511 4036 viee
1529 3977 1619 4054 pani.
1637 3994 1663 4035 v
1680 3994 1752 4054 pove.
1770 3979 1992 4054 piotrkowskina

466 4379 513 4454 bt
556 4391 652 4464 1405.
677 4387 735 4464 die
757 4391 812 4464 22.
837 4389 972 4464 mensis
994 4382 1215 4479 Decembris,
1236 4389 1276 4466 ln
1300 4389 1533 4486 Wt'oraopdre.

612 4604 775 4700 Prapbalr
802 4607 1011 4702 subdapiier
1033 4571 1260 4688 Calissiensis
1282 4609 1479 4687 wladislao
1501 4612 1541 4684 ll
1564 4615 1642 4706 regi
1656 4581 1823 4692 Poloniee
1846 4609 1874 4690 C
1897 4597 1988 4692 mar·

466 4717 519 4778 eea
538 4711 737 4788 soluturum
759 4735 840 4789 sese
862 4717 1006 4808 obligat.

610 4927 687 5024 Ego
709 4930 872 5026 Pmybalr
894 4932 1103 5027 subdepiier
1125 4931 1366 5032 Kalissiensis,
1389 4955 1454 5030 per
1475 4892 1679 5031 presentem
1700 4939 1843 5016 literam
1866 4917 1987 5019 meam

381 5057 382 5062 Ν
465 5035 675 5134 munusue,
699 5041 829 5134 qulbus
853 5041 1004 5136 expedit,
1035 5045 1223 5130 vmuersis,
1253 5065 1313 5116 me
1335 5045 1507 5119 habuisse
1537 5052 1574 5119 et
1602 5049 1798 5140 inparatis
1821 5057 1988 5148 pecunijs

465 5143 626 5232 Mepbse
648 5168 671 5221 a
692 5149 804 5222 nobili
826 5151 912 5236 viro,
943 5149 1087 5223 domino
1117 5151 1272 5225 Iohanne
1296 5153 1340 5226 de
1365 5155 1578 5244 Geyreamac
1608 5160 1753 5228 centum
1783 5179 1988 5236 marearum

464 5239 687 5328 it'cleriorum
704 5259 846 5330 numeri
865 5258 1075 5331 Polonicalis
1098 5263 1331 5353 pecuniarum
1354 5265 1575 5336 serenissimi
1597 5266 1769 5358 principis
1793 5272 1830 5341 et
1852 5267 1989 5343 domini

465 5351 535 5438 Μ,
569 5359 702 5436 domini
731 5365 904 5438 Vladislai
949 5365 1015 5438 Dei
1052 5371 1175 5456 gracia
1209 5373 1305 5462 regis
1342 5370 1486 5444 Polonie
1518 5378 1584 5446 cto.
1616 5391 1681 5466 pro
1711 5389 1846 5465 magna
1878 5383 1915 5450 et
1946 5380 1987 5452 in

465 5463 583 5550 ”⁸8³⁸
612 5475 825 5547 necessitate
855 5495 945 5548 mea.
993 5474 1236 5568 Quasquldem
1266 5481 1411 5577 centum
1441 5499 1581 5553 mareas
1611 5482 1690 5553 sinc
1713 5485 1812 5556 omni
1835 5483 1916 5558 dolo
1939 5505 1984 5560 ac

1787 5599 1974 5670 11‘·
