4720 6360
346 774 492 850 0010001
523 774 640 851 incole
663 775 749 849 cille
782 773 879 850 illiue
915 791 1044 850 census
1067 775 1308 861 medietatem,
1340 774 1506 849 ridelicet
1537 795 1804 860 scamonium
1824 801 1875 874 qq,

341 881 445 976 plicis
469 884 583 973 mani,
615 887 657 954 rt
678 880 865 977 prefertur,
897 903 979 957 cum
1009 905 1072 958 ser
1094 886 1230 976 grossis
1253 883 1492 974 mensibus
1515 883 1560 956 de
1584 885 1739 975 quolibet
1762 911 1875 980 mam

342 989 521 1074 Sredensi,
546 995 584 1062 et
607 989 693 1063 dieti
718 993 834 1064 mansi
858 989 928 1064 duc
952 993 989 1064 10
1013 1011 1124 1064 vnum
1148 1011 1220 1065 non
1243 995 1479 1084 coniugentru
1501 1011 1618 1082 neque
1642 993 1743 1069 aliter
1763 999 1874 1084 dilate.

346 1096 489 1172 buntur.
535 1097 576 1172 ln
599 1101 775 1172 territorio
797 1119 882 1171 vero
921 1097 1103 1184 Naklensl,
1141 1101 1234 1172 10100
1268 1099 1515 1172 Pomeranlam
1551 1104 1587 1171 et
1620 1092 1790 1179 1110110001
1820 1135 1877 1208 pm

275 1279 278 1288 .
315 1255 317 1258 -
348 1204 510 1290 dammis,
534 1224 605 1298 que
627 1207 877 1300 manipulatim
901 1207 994 1280 solui
1017 1206 1196 1292 deberent,
1223 1207 1269 1280 de
1292 1207 1450 1300 quolibet
1480 1227 1605 1280 nranso
1629 1205 1807 1290 Culmenal
1827 1231 1876 1302 ml

255 1317 260 1325 '
348 1310 516 1386 Sredensi
537 1333 604 1408 per
625 1317 698 1388 tres
728 1319 847 1388 scotos
869 1333 1076 1406 grossorum
1110 1315 1304 1388 eorundem
1328 1317 1365 1388 iu
1389 1315 1482 1388 testo
1505 1316 1622 1388 saneti
1645 1315 1786 1394 liertini
1807 1347 1877 1406 eon.

346 1420 494 1494 ieseoris
525 1422 641 1494 incole
665 1423 829 1496 villarum
860 1420 946 1494 dicti
969 1425 1135 1518 tenitorij
1167 1424 1370 1517 persoluere
1400 1428 1577 1496 tenentur.
1625 1422 1771 1500 80011011
1793 1432 1877 1512 inm.

344 1547 409 1622 per
429 1527 609 1615 villanam,
642 1529 833 1623 inquibus
864 1543 930 1624 per
964 1528 1178 1604 kmetbones
1214 1529 1387 1604 maldrate
1418 1531 1617 1616 soluuntur,
1644 1551 1707 1623 per
1740 1547 1879 1626 quotuor

347 1655 493 1709 mansos
515 1635 647 1710 liberos
671 1644 708 1711 et
729 1657 801 1710 000
830 1637 951 1730 plures
974 1637 1168 1722 babebmt,
1200 1637 1245 1710 de
1268 1637 1399 1729 quibus
1422 1638 1585 1732 plebano,
1610 1659 1632 1710 a
1654 1659 1723 1730 quo
1746 1645 1875 1734 audiam

348 1743 474 1816 oiiicla
495 1742 620 1816 diuina
643 1751 680 1818 et
701 1747 898 1838 percipient
927 1745 1172 1819 ecelesiastica
1195 1751 1431 1832 sacramenta,
1463 1765 1561 1818 more
1585 1749 1729 1838 antiquo
1751 1752 1879 1834 solueret

254 1925 256 1931 Α
348 1851 514 1926 missales
548 1872 721 1940 annonas,
755 1852 799 1926 de
832 1853 990 1946 quolibet
1023 1856 1149 1926 menso
1186 1873 1392 1926 mensuram
1426 1854 1580 1944 siliginis
1613 1858 1650 1925 et
1686 1873 1878 1938 mensuram
1975 1915 1976 1918 ,
2058 1835 2144 1990 ,Μ’
2165 1918 2198 1934 ..

348 1979 472 2045 suone,
505 1961 558 2032 ita
580 1959 677 2052 quod
699 1961 848 2052 quilibet
882 1963 1041 2054 ipsorum
1076 1961 1310 2034 scrutatorum
1341 1963 1379 2033 10
1409 1981 1478 2034 sua
1505 1961 1676 2033 scultacie
1698 1963 1879 2042 maldretas

351 2087 435 2141 cum
456 2070 644 2162 peccunijs
667 2071 716 2140 eit
738 2071 907 2142 astrictus
929 2069 1135 2160 recolligere
1158 2068 1314 2142 fideliter
1337 2073 1372 2140 et
1394 2088 1566 2162 reponere
1588 2061 1626 2140 iri
1648 2069 1725 2142 loco
1747 2075 1822 2146 tuto
1842 2099 1880 2152 ae

346 2193 506 2260 seruare,
536 2181 579 2248 et
606 2174 753 2249 demum
776 2177 838 2263 illi,
870 2175 916 2249 ad
948 2196 1056 2269 quem
1085 2179 1266 2269 pertinent
1297 2176 1391 2249 dicte
1414 2175 1599 2260 maldrate,
1624 2196 1705 2248 cum
1727 2187 1880 2275 pecunth

347 2287 570 2378 presentare:
599 2303 671 2356 non
695 2282 875 2356 soluentes
898 2303 983 2358 vero
1006 2290 1043 2357 et
1072 2283 1213 2358 soluere
1240 2283 1463 2356 retardantes
1486 2287 1556 2378 ipsi
1579 2284 1721 2356 sculteti
1743 2285 1788 2358 ed
1810 2295 1882 2364 esti·

349 2391 550 2464 mastonem
574 2389 685 2464 debiti
709 2389 840 2464 debent
862 2393 1090 2484 impignorare
1113 2397 1149 2464 et
1172 2391 1240 2465 sub
1263 2394 1365 2484 penis
1390 2394 1497 2464 certis
1520 2391 1616 2463 inira
1629 2393 1736 2464 vuius
1758 2399 1882 2470 mensis

348 2499 513 2590 specium
537 2519 559 2570 e
581 2497 640 2570 die
663 2502 976 2593 inpignoracionis,
999 2506 1106 2592 prout
1120 2503 1238 2574 arcius
1254 2504 1432 2592 potemnt,
1457 2498 1668 2592 compellere
1689 2497 1735 2571 ad
1757 2501 1883 2576 soluen-

272 2603 304 2678 '.
348 2605 447 2691 dum,
471 2605 561 2680 elias
585 2610 655 2698 ipsi
679 2608 822 2680 sculteti
846 2611 882 2680 et
904 2606 1118 2680 limetbones
1141 2611 1179 2680 in
1202 2613 1276 2679 toto
1299 2607 1358 2680 uel
1393 2609 1431 2679 in
1465 2614 1566 2700 parte
1600 2625 1672 2678 non
1704 2606 1882 2694 soluentes,

347 2719 424 2786 um
458 2711 521 2786 diu
551 2719 634 2806 post
665 2713 802 2786 dictum
835 2733 999 2787 naensem
1032 2719 1274 2801 exsecrentur,
1310 2735 1496 2806 quousque
1528 2715 1746 2804 integraliter
1777 2713 1884 2790 dictur

352 2838 484 2894 000000
515 2819 626 2894 100011
659 2823 872 2914 persolutus.
928 2821 983 2894 De
1016 2821 1146 2913 quibus
1182 2821 1360 2914 siquidem
1396 2827 1549 2914 quatuor
1578 2824 1715 2894 mansis
1744 2823 1883 2914 predicti

352 2929 498 3002 sculteti
520 2927 584 3001 uel¹
608 2930 698 3002 alter
720 2949 854 3016 eorum
886 2933 917 3002 si
952 2930 1106 3022 aliquem
1130 2929 1366 3014 vendiderint,
1398 2929 1636 3020 obligauerint
1658 2950 1723 3002 seu
1745 2930 1883 3022 eiusad

353 3035 528 3110 erendum
552 3041 795 3112 concesserint
823 3035 883 3110 uel
913 3037 1160 3129 quoquomodo
1193 3037 1436 3123 alienauerint,
1467 3036 1512 3109 de
1539 3037 1621 3123 illis,
1652 3040 1713 3128 qui
1736 3057 1795 3110 eos
1818 3058 1883 3110 ara·

348 3143 449 3229 bunt
472 3164 546 3217 rna
570 3165 654 3218 cum
676 3145 819 3218 villanis
842 3145 1020 3218 decimam
1051 3150 1114 3217 aut
1137 3145 1331 3218 maldratas
1356 3144 1629 3244 curacensibus
1653 3143 1800 3230 soluerit,
1830 3145 1882 3216 rbi

354 3251 478 3324 rilleni
508 3251 648 3326 soluere
681 3257 954 3326 consueuerunt.
1000 3253 1149 3346 insuper
1179 3257 1348 3344 quociens
1380 3254 1536 3345 aliquem
1560 3271 1727 3326 mansum
1749 3253 1786 3323 in
1808 3251 1883 3322 ville

348 3361 467 3434 locata
489 3359 725 3451 quouismodo
758 3359 929 3434 desertori
961 3363 1145 3451 contingat
1167 3363 1293 3432 ‘areius
1322 3359 1423 3432 illum
1452 3367 1571 3453 preter
1594 3359 1778 3432 dominum
1799 3359 1883 3441 vilic,

348 3471 386 3540 10
420 3487 547 3560 eampo
585 3467 764 3540 decimam
795 3468 976 3561 persoluet
1009 3469 1268 3560 manipulatim
1300 3488 1485 3560 quousque
1518 3470 1664 3552 locetur,
1699 3472 1735 3539 et
1766 3485 1884 3538 census

350 3595 436 3653 eum
460 3574 646 3648 maldratis
670 3577 929 3668 persoluentur.
976 3575 1065 3648 Item
1096 3580 1251 3650 rectores
1282 3575 1514 3649 ecelesiarum
1537 3581 1573 3647 et
1596 3575 1655 3667 aiij
1681 3577 1884 3666 quicumque

352 3682 542 3777 presbiteri
566 3673 785 3777 Gneznensis
802 3682 966 3776 dyocesis
989 3705 1053 3776 pro
1077 3683 1353 3769 columbacione,
1377 3704 1440 3778 pro
1460 3683 1649 3776 baptismo,
1671 3703 1734 3775 pro
1757 3679 1884 3774 copule,

359 3810 423 3884 pro
447 3795 607 3865 extrema
631 3793 803 3864 00001000
826 3790 936 3864 nichil
959 3798 1092 3884 petant,
1117 3790 1181 3864 sed
1205 3791 1300 3882 quod
1322 3795 1410 3884 ipsis
1435 3790 1578 3864 dabitur
1592 3793 1786 3874 0001101100,
1808 3788 1886 3859 reci·

355 3902 458 3993 piant
480 3904 517 3971 et
539 3902 705 3989 gratuite.
745 3899 822 3972 'Vbi
847 3904 967 3972 autem
1003 3899 1224 3973 sacerdotem
1254 3900 1313 3972 uel
1337 3902 1504 3973 clericum
1533 3904 1571 3971 10
1594 3901 1705 3972 sacris
1728 3897 1886 3969 constitu·

349 4013 428 4080 tum
451 4007 632 4092 01000001,
665 4010 744 4100 capi
774 4006 833 4080 uel
861 4007 976 4080 occidi
1007 4011 1205 4097 contigerit,
1235 4008 1334 4080 loeus
1364 4008 1421 4080 iile
1444 4007 1583 4079 tamdiu
1606 4010 1654 4079 sit
1676 4002 1885 4089 interdictus,

356 4135 543 4208 quousque
574 4115 794 4188 maleficium
828 4114 1035 4188 huiusmodi
1063 4119 1286 4200 commitens,
1320 4117 1468 4188 ecclesie
1492 4115 1700 4199 satisiaciat,
1734 4114 1805 4186 uel.
1825 4110 1885 4202 ipsi

355 4225 507 4297 ecclesie
529 4243 593 4316 pro
616 4243 711 4316 pena
733 4223 904 4309 tradatur,
937 4232 999 4296 aut
1021 4223 1184 4296 homines
1208 4224 1278 4296 loci
1301 4223 1462 4296 eiusdem
1486 4227 1750 4296 sacramentum
1772 4218 1886 4314 presti-

346 4335 469 4416 terint,
509 4331 604 4424 quod
642 4333 694 4403 eis
732 4351 876 4424 operam
910 4352 982 4404 000
1017 4331 1184 4404 dantibus
1220 4353 1336 4423 nequa
1369 4331 1526 4403 detinere
1555 4331 1766 4415 valentibus,
1801 4326 1885 4397 idem

353 4439 496 4530 subigit
528 4439 747 4524 malefactor,
779 4445 815 4511 et
845 4445 975 4512 extunc
1005 4443 1043 4512 in
1073 4439 1167 4512 dieto
1200 4442 1277 4512 1000
1310 4439 1433 4512 diuina
1465 4439 1726 4513 relaxabuntur.
1772 4435 1885 4508 liciam

351 4567 424 4620 non
447 4551 609 4620 cessetur
633 4569 654 4626 0
677 4546 810 4620 diuinis
834 4555 978 4640 prepter
1002 4547 1737 4638 0010001000οἀ011000010000001100100
1761 4558 1887 4616 ercom-

351 4658 535 4740 munieati,
572 4677 617 4726 ne
651 4659 737 4727 iusti
761 4655 882 4728 diuino
916 4656 1037 4728 oiiieio
1069 4656 1225 4728 indebite
1259 4658 1455 4749 priuentur.
1503 4656 1667 4728 Preterea
1693 4655 1827 4726 iabrica
1847 4645 1887 4718 ab

352 4765 525 4858 eceleeijs,
551 4761 611 4836 ubi
635 4763 802 4835 dominus
832 4769 954 4836 noster
986 4784 1046 4836 rex
1069 4763 1212 4836 Polonie
1242 4764 1350 4836 babet
1380 4767 1657 4856 iuspatronatus,
1690 4783 1760 4836 000
1783 4753 1887 4848 requi·

349 4877 459 4944 retur.
507 4871 596 4947 ltern
620 4874 814 4942 statuimus
839 4893 921 4944 eum
946 4872 1052 4944 dietis
1075 4872 1254 4944 nobilibus
1279 4879 1316 4942 et
1338 4875 1536 4962 terrigenis,
1567 4872 1888 4962 quotumcunque

350 4979 454 5052 miles
474 4979 579 5052 militi
603 4979 739 5069 obligat
761 4977 1008 5060 hereditatem,
1038 4979 1082 5052 de
1106 4983 1212 5070 agris,
1245 5000 1334 5070 quos
1358 4980 1521 5070 obligans
1545 4979 1692 5064 colebat,
1723 4975 1888 5066 recipiens

350 5087 611 5175 obligacionem
636 5091 801 5159 teneatur
823 5086 1013 5172 decimare,
1036 5087 1097 5159 rbi
1116 5088 1186 5172 illc,
1211 5091 1273 5179 qui
1289 5089 1471 5180 obligauit,
1497 5087 1707 5160 decimabat.
1753 5085 1791 5156 Si
1812 5092 1889 5150 vero

349 5199 545 5288 occuparet
565 5198 601 5266 et
625 5199 786 5266 exararet
816 5195 936 5286 plures
961 5216 1076 5285 agros,
1108 5196 1283 5288 repellens
1307 5195 1352 5268 de
1375 5197 1445 5267 illis
1476 5196 1698 5280 kmethones,
1727 5196 1764 5266 in
1786 5203 1890 5280 ponu-

350 5305 482 5374 1100000
505 5301 707 5377 decimabit.
756 5303 844 5374 ltcm
868 5303 1086 5388 ordinamus,
1118 5303 1213 5394 quod
1238 5305 1411 5377 maldrute
1442 5304 1487 5376 de
1510 5305 1604 5375 villis
1629 5303 1761 5375 domini
1784 5289 1888 5370 nostri
2001 5367 2008 5374 .

197 5497 201 5504 ,
341 5411 450 5499 ‚regis
470 5409 613 5482 l‘olouie
645 5429 687 5482 ac
718 5411 890 5482 nobilium
915 5417 951 5484 et
974 5415 1234 5502 terrigenarum
1265 5412 1505 5504 predictorum
1537 5413 1639 5484 nobis
1669 5431 1740 5482 non
1767 5405 1889 5478 ducan-

349 5515 597 5614 1000001001
623 5517 753 5592 ducere
776 5519 962 5604 volueriut,
987 5539 1057 5592 000
1082 5519 1346 5612 prohibeantur.
1393 5519 1432 5592 In
1457 5523 1560 5594 cuius
1582 5523 1634 5592 rei
1655 5511 1889 5592 testimonium

2090 4045 2160 4108 147.
2209 4035 2305 4104 1409.
2332 4026 2352 4096 d

2243 4228 2345 4300 ilarii
2359 4326 2360 4329 Ἴ

2092 4343 2249 4412 10100100
2274 4334 2357 4405 fide

2249 4534 2356 4604 Nos.

2096 4648 2219 4734 quibus
2244 4637 2353 4732 exped

2098 4757 2282 4824 nissimum
2307 4747 2357 4836 pri

2102 4862 2280 4932 dominum
2312 4874 2356 4922 00

2107 4991 2192 5051 mue,
2233 4968 2353 5035 consta

2106 5080 2253 5163 puritate
2285 5089 2347 5140 nos

2106 5183 2174 5252 dini
2206 5187 2241 5252 et
2265 5179 2351 5247 Coro

2106 5297 2262 5360 nostrum
2286 5304 2360 5374 grat

2105 5418 2168 5483 000
2204 5396 2309 5466 nullis

2112 5509 2283 5588 assistere,
2317 5521 2338 5568 u
