4734 6356
44 532 209 630 hicpiscopl

44 643 113 714 udor
137 666 208 735 pre·

47 755 132 839 atque
152 751 209 824 irr-

44 879 69 930 rs
100 863 209 933 tenere

44 985 80 1038 in
101 967 209 1054 sigilla

44 1075 78 1144 ria
96 1076 208 1162 quinta

44 1181 207 1254 ruentibus

44 1291 107 1372 ina,
136 1293 206 1380 pin·

44 1397 79 1480 si,
99 1395 207 1470 Wars·

43 1503 143 1575 stone
165 1505 207 1578 de

43 1609 205 1702 idedignis.

1956 433 1978 502 3

446 651 476 718 3.
524 639 621 710 1400.
644 631 703 705 dle
728 637 780 704 11.
805 631 939 704 mansis
962 627 1106 722 Aprilis,
1130 626 1355 716 inserpere.
1416 715 1421 726 1
1547 721 1551 728 ¹

576 797 578 804 Ι
604 829 824 904 wladislaus
846 827 886 900 ll.
915 847 975 934 rex
998 825 1164 899 Polonlae
1198 829 1313 897 ratam
1338 825 1425 897 lacit
1447 825 1696 899 limitationem
1719 826 1826 899 villae
1860 827 1980 900 Modo·

447 945 571 1026 unica
594 939 801 1012 monasterii
823 932 1019 1008 Landensis
1043 933 1215 1026 pmpriao.

605 1155 645 1228 In
683 1153 826 1227 nomine
864 1151 1008 1224 Domini
1038 1170 1153 1224 amen.
1200 1149 1257 1221 Ad
1291 1154 1502 1243 perpetuam
1537 1152 1587 1222 rei
1622 1152 1842 1224 memoriam.
1889 1149 1980 1224 Cum

447 1274 538 1346 inter
566 1269 692 1338 nature
716 1262 871 1333 humane
906 1258 1094 1331 commoda
1128 1258 1237 1328 nichil
1261 1257 1405 1348 dignius
1430 1259 1601 1330 momoria
1623 1257 1807 1345 habeatur,
1841 1263 1980 1352 oportu-

448 1395 533 1453 num
556 1373 685 1456 existit,
721 1375 759 1442 rt
782 1373 883 1440 octus
907 1365 1094 1438 hominum
1118 1365 1279 1458 apicibus
1309 1365 1492 1437 literarum
1516 1371 1552 1437 ot
1576 1367 1722 1438 testium
1747 1369 1981 1440 annotacione

447 1482 718 1580 perhenncntur.
765 1474 915 1548 Hoinde
939 1493 1003 1546 nos
1028 1471 1247 1544 wladislaus
1270 1471 1336 1544 Dei
1353 1475 1475 1562 gracia
1499 1493 1558 1544 rex
1574 1473 1727 1558 Potonic,
1751 1495 1890 1546 nocnon
1914 1481 1980 1548 ter·
2123 1463 2127 1472 ’

449 1609 568 1666 rarum
592 1586 770 1669 Graeculo,
794 1582 1026 1666 Sandomirie,
1051 1579 1199 1663 Siradie,
1223 1580 1398 1665 Lancicie,
1423 1580 1580 1666 Guiauie,
1604 1579 1864 1672 Lithuanicque
1887 1585 1980 1674 prin·

449 1719 532 1792 ceps
545 1713 744 1788 supremae,
768 1691 1045 1780 Pomeranieque
1069 1695 1104 1760 et
1128 1689 1254 1759 Russie
1273 1686 1439 1760 dominus
1456 1694 1492 1761 ct
1507 1689 1610 1761 heres
1627 1693 1694 1761 etc.
1719 1690 1980 1778 significamus,

449 1805 577 1899 quibus
601 1799 752 1894 expedit,
774 1799 962 1881 uniuersis,
987 1795 1082 1887 quod
1105 1794 1229 1867 habita
1252 1795 1415 1886 diligenti
1438 1796 1725 1868 consideracione
1749 1795 1794 1868 ad
1818 1805 1981 1870 constan·

452 1917 497 1986 tis
513 1910 715 1982 deuocionis
731 1905 873 1993 indicia,
897 1905 1026 1996 quibus
1051 1903 1161 1976 abbas
1179 1911 1214 1974 et
1236 1903 1366 1975 iratres
1390 1909 1594 1998 monasterii
1620 1907 1658 1976 in
1680 1907 1823 1990 Laudo,
1846 1905 1981 1980 ordinis

450 2018 702 2100 cisterciensis,
725 2017 764 2087 in
787 2002 978 2107 conspectu
994 2015 1093 2102 regio
1110 2011 1323 2096 claruemnt‚
1347 2010 1475 2084 horum
1499 2015 1630 2086 intuitu
1645 2012 1805 2084 volentes
1821 2015 1981 2107 ipsorum

445 2128 678 2202 donacionem
701 2123 872 2216 ampliare
896 2127 931 2194 et
954 2140 1015 2192 eos
1039 2120 1205 2213 specialis
1229 2123 1349 2210 gracie
1378 2123 1606 2213 prerogatiua
1626 2123 1824 2215 prouenire,
1858 2126 1899 2193 vt
1921 2143 1981 2195 no
2058 2162 2062 2172 ·

450 2237 533 2309 stris
555 2231 696 2304 suiiulti
719 2230 993 2320 munificencijs,
1023 2231 1062 2300 ln
1083 2229 1184 2322 pacis
1208 2229 1498 2318 conquiescentes
1522 2227 1719 2316 dulcedine,
1757 2230 1982 2304 oracionibus

451 2342 594 2418 liberius
616 2359 744 2412 vacare
767 2339 906 2431 possint
929 2343 964 2408 et
988 2337 1157 2408 creatoris
1181 2338 1293 2408 nostri
1318 2336 1549 2409 clemenciam
1572 2356 1636 2430 pro
1656 2341 1779 2409 nostra
1802 2341 1838 2409 et
1860 2337 1982 2430 prede·

452 2468 631 2523 cessomm
665 2451 866 2518 nostrorum
900 2445 1015 2516 salute
1053 2444 1197 2515 vberius
1221 2463 1375 2528 exorare,
1415 2445 1668 2536 cupientesque
1703 2443 1798 2516 diem
1833 2447 1982 2518 extremi

451 2555 570 2648 iudioij
588 2556 730 2648 pietatis
746 2553 910 2646 operibus
925 2553 1122 2644 preuenire,
1145 2552 1311 2644 specialis
1335 2549 1539 2624 deuotionis
1562 2553 1636 2624 uelo
1660 2553 1812 2637 accensi,
1836 2559 1981 2627 strenuo

453 2665 646 2738 ‘l'homconi
668 2661 903 2754 subpinceme
926 2659 1163 2744 Cracouiensi,
1199 2661 1384 2752 capitaneo
1416 2665 1508 2732 terre
1532 2665 1660 2732 nostre·
1673 2659 1816 2732 Maioris
1840 2661 1983 2734 Polonie

454 2771 609 2864 generali
632 2776 668 2842 ct
690 2769 823 2842 Mathia
845 2769 1105 2840 succamerario
1140 2765 1345 2838 Calissiensi
1368 2765 1484 2838 iirmis
1500 2769 1631 2840 nostris
1654 2767 1835 2858 regalibus
1859 2772 1983 2842 memi-

454 2881 571 2954 nimus
592 2877 732 2950 dedisse
755 2879 794 2948 in
817 2877 1028 2960 commissis,
1051 2881 1091 2946 vt
1113 2874 1254 2966 spinam
1276 2876 1416 2946 Manae
1439 2881 1474 2946 et
1488 2873 1610 2946 villam
1626 2876 1889 2965 Momentum),
1912 2897 1983 2968 que

455 2989 505 3060 cis
528 2985 831 3079 incorporauimus
862 2989 899 3055 et
920 2985 1079 3077 ipsomm
1113 2985 1328 3054 monasterio
1364 2983 1672 3076 appropriauimus
1696 2989 1732 3054 et
1755 2982 1982 3058 adiunximus

458 3095 635 3188 perpetuis
673 3090 892 3185 temporibus
931 3088 1121 3174 duraturis,
1160 3089 1333 3162 limitibus
1381 3090 1425 3162 ab
1462 3090 1628 3162 omnibus
1666 3089 1923 3164 hereditatibus
1947 3098 1984 3166 et

455 3202 566 3288 bonis,
596 3199 756 3274 eiusdem
779 3199 881 3291 sylae
904 3202 941 3270 et
962 3198 1046 3270 tilis
1069 3197 1392 3283 conmcinitatibus,
1425 3199 1681 3290 cuiuscumque
1712 3197 1923 3272 conditionis
1947 3206 1984 3274 et
2049 3254 2051 3258 .

458 3315 572 3382 status
594 3325 826 3403 personarum
848 3305 1009 3399 predicte
1040 3304 1145 3390 bone,
1180 3305 1282 3397 sylus
1304 3311 1341 3378 et
1363 3305 1447 3379 viiie
1468 3309 1601 3378 vicinia
1624 3307 1824 3392 existerent,
1860 3305 1983 3382 distin·

456 3437 564 3508 gnere
585 3417 720 3489 iaciant
742 3421 778 3490 et
800 3434 864 3508 per
886 3411 996 3504 gades
1019 3413 1193 3486 notabiles
1216 3413 1358 3505 spluam
1392 3413 1597 3486 huiusmodi
1620 3420 1656 3487 et
1689 3414 1813 3487 villam
1836 3437 1859 3488 a
1879 3415 1983 3489 bonis

459 3529 495 3598 et
515 3522 770 3598 hereditatibus
793 3541 1119 3613 quarumcumoque
1141 3541 1385 3614 personarum,
1422 3528 1463 3594 vt
1495 3523 1721 3616 premittitur,
1760 3531 1984 3615 sequestrare

457 3631 650 3705 limitando.
697 3628 910 3721 Quiquldem
941 3629 1097 3702 Thomco
1121 3636 1157 3702 et
1179 3629 1332 3702 hlathies
1357 3629 1403 3702 ad
1425 3637 1544 3702 nostre
1576 3632 1775 3710 maiestatis
1799 3635 1983 3712 venientes

457 3741 687 3831 presencium,
722 3737 951 3810 maniiestam
983 3733 1102 3810 coram
1126 3737 1228 3810 nobis
1251 3739 1535 3828 recognicionem
1558 3737 1730 3824 ieccmnt,
1768 3738 1862 3832 quod
1885 3761 1984 3814 mau-

457 3845 548 3918 detis
585 3849 715 3920 nostris
737 3852 775 3919 et
813 3847 1014 3918 commissis
1048 3844 1333 3938 obtemperantes
1362 3845 1525 3931 fideliter,
1562 3845 1761 3939 predictam
1782 3848 1925 3938 spinam
1939 3855 1985 3924 'et

456 3954 576 4028 villam
598 3955 820 4028 Mohownioo
843 3958 879 4026 et
901 3953 1040 4026 diolrow
1062 3955 1146 4024 cum
1168 3951 1334 4026 omnibus
1356 3952 1460 4026 bonis
1482 3955 1643 4026 omnium
1666 3957 1925 4046 terrigenarum
1948 3963 1985 4032 et

457 4079 747 4153 quammcunque
768 4081 1000 4155 personarum
1023 4062 1314 4132 terrainacionem
1337 4061 1520 4146 limitibus,
1558 4061 1712 4152 gadibus
1747 4069 1783 4136 et
1816 4066 1983 4158 scopulis,

457 4171 517 4259 qul
552 4171 676 4260 tepere
712 4168 888 4253 dictantur,
926 4171 1021 4240 iusto
1044 4173 1080 4240 et
1102 4167 1250 4240 iuridico
1288 4169 1516 4241 limitationis
1539 4175 1576 4241 et
1598 4167 1841 4259 distinccionis
1869 4173 1984 4259 titulo,

457 4275 554 4351 iuxta
575 4287 710 4350 morem
730 4282 766 4349 ct
790 4275 1083 4350 cousuetudinem
1106 4278 1208 4366 regul
1230 4278 1343 4348 nostri
1365 4275 1549 4349 limitando
1566 4275 1803 4352 distinxemut
1821 4285 1858 4354 et
1872 4281 2000 4375 gades,

458 4403 522 4457 seu
553 4385 717 4478 scopulos
740 4387 778 4457 in
801 4387 945 4476 signum
982 4389 1152 4478 perpetue
1190 4383 1434 4457 distinccionis
1457 4384 1676 4458 locauenmt.
1724 4387 1984 4480 Quamquidem

458 4488 718 4577 limitaclonem,
741 4492 1066 4583 sequestmcionem
1089 4497 1125 4564 et
1147 4492 1295 4582 gadium
1316 4513 1382 4564 seu
1404 4491 1630 4586 scoptdoram
1652 4494 1883 4582 locaclonem,
1906 4519 1984 4590 gra·

333 4614 336 4620 ·
460 4599 532 4672 lam
554 4605 590 4674 et
611 4607 726 4674 ratam
758 4600 940 4684 habentes,
971 4602 1087 4693 ipsam
1112 4599 1360 4694 approbamus,
1392 4601 1616 4674 ratiilcamus
1640 4609 1676 4676 et
1693 4607 1820 4684 ,tenore
1842 4626 1985 4698 presen-

460 4705 553 4780 cium
575 4707 846 4783 coniirmamus:
881 4707 1121 4793 decernentes
1146 4709 1261 4802 ipsam
1284 4707 1391 4780 robur
1414 4714 1584 4802 perpetue
1608 4710 1791 4784 iinnitatis
1815 4713 1984 4788 obtinere.
2024 4732 2031 4745 ·

463 4810 664 4890 Statuentes
687 4816 800 4889 eciam
835 4821 871 4889 et
891 4816 1062 4902 uolentes,
1096 4822 1136 4888 vt
1168 4816 1339 4889 timuero
1366 4815 1571 4900 huiusmodi
1594 4839 1658 4912 per
1680 4819 1819 4894 nullum
1841 4825 1984 4915 penitus

461 4917 677 5014 inpostemm
699 4923 859 4997 rloletur.
904 4923 1039 4996 llamm
1062 4923 1191 5015 quibus
1221 4923 1381 5014 sigillum
1411 4929 1531 4997 nostre
1555 4928 1754 5000 malestatis
1778 4935 1833 5002 est
1856 4951 1985 5025 appen-

460 5045 540 5102 sum
562 5033 763 5104 testimonio
789 5031 982 5105 literarum.
1028 5035 1160 5104 Actum
1192 5037 1228 5104 ct
1258 5031 1382 5106 datum
1404 5034 1443 5104 in
1464 5033 1602 5123 scopae
1624 5035 1702 5128 ipso
1726 5035 1784 5109 die
1807 5037 1984 5113 dominico

462 5131 790 5232 Ramlspalmamm,
825 5159 917 5212 anno
947 5139 1092 5212 Domini
1126 5140 1314 5212 millesimo
1349 5139 1711 5230 quadringentesimo.
1756 5145 1984 5222 Pro-sentibus

462 5247 717 5320 venerabilibus
741 5250 778 5318 iu
801 5245 940 5332 Christo
962 5248 1135 5341 patribus,
1158 5247 1326 5321 domme:
1362 5248 1596 5340 Dobrogostlo
1618 5259 1743 5326 sancte
1766 5253 1984 5329 Gnennensis

463 5351 609 5428 ecclesie
639 5355 913 5450 archiepiscopo,
943 5355 1087 5430 Nicolao
1111 5354 1155 5428 de
1184 5359 1318 5430 Karou
1341 5355 1640 5446 Wladislauiensi,
1671 5361 1816 5436 eilberto
1846 5362 1891 5436 de
1913 5367 1984 5438 Lu·
2076 5429 2078 5432 .
2226 5404 2229 5410 ·
2321 5409 2323 5418 ι

1789 5491 1825 5550 1⁸.
