4720 6360
445 523 514 608 ibi

608 727 668 804 Ad
713 725 930 804 relacionem
983 717 1145 804 eiusdem
1178 715 1334 804 ‘domini
1378 719 1521 804 Nicolai
1566 731 1668 823 regni
1712 717 1855 810 Poionle
1896 739 1979 828 si„
2061 745 2062 748 ‘
2244 794 2252 805 .

445 831 710 932 concubuit.
813 862 816 872 ¹

463 1083 467 1091 .
607 1033 698 1098 uec
713 1035 928 1112 „comm
945 1005 1070 1094 eene·
1091 1033 1239 1094 wesen
1256 1053 1273 1094 ι
1291 961 1452 1094 xvms.
1470 985 1521 1096 es.
1537 1034 1584 1094 ee.
1599 1033 1737 1111 nona,
1754 1035 1831 1098 nen
1847 1043 1979 1126 mam

608 1213 1733 1322 omnm-tecvmvoonunmsscmrom

446 1631 523 1740 ¹⁴⁴7
571 1632 671 1706 rios.
695 1631 753 1706 die
776 1635 831 1708 as.
856 1629 993 1748 mensis
1017 1627 1211 1717 neeman,
1233 1631 1273 1704 in
1294 1629 1441 1746 dodino..
2004 1742 2009 1752 Ι

609 1781 1133 1904 ldadislensiirexioloniae
1145 1827 1285 1902 civibus
1297 1827 1342 1902 dc
1355 1769 1535 1903 chimwc
1547 1823 1725 1922 quasdam
1734 1827 1834 1922 leges
1845 1833 1982 1917 conisi

607 2019 649 2104 ln
672 2026 816 2104 nornine
838 2025 986 2104 Domini
1010 2047 1125 2101 emen.
1171 2017 1231 2102 Ad
1252 2031 1464 2122 perpensam
1477 2029 1531 2100 rel
1552 2029 1772 2101 memoriam.
1814 2027 1887 2104 'Vbi
1900 2037 1983 2112 run.

444 2136 532 2214 tatis
555 2143 593 2212 et
615 2131 885 2212 commodorum
911 2136 1066 2210 babetm
1086 2138 1195 2222 rocio,
1224 2135 1275 2208 ibi
1297 2139 1378 2208 iura
1398 2135 1606 2210 libertatum
1633 2137 1760 2209 marito
1782 2155 1846 2230 per
1866 2143 1984 2233 prinq.

444 2267 510 2342 pes
545 2251 583 2321 et
612 2247 737 2338 legum
769 2247 903 2320 latores
935 2241 1068 2317 debent
1099 2245 1336 2334 augmentari.
1382 2243 1533 2316 Proinde
1567 2261 1634 2315 nos
1670 2241 1889 2318 wladislaus
1924 2249 1983 2328 Dei

445 2357 569 2447 gracia
586 2375 649 2428 rex
664 2353 808 2427 Polonie
822 2371 963 2426 necnon
985 2356 1163 2424 terrarum
1186 2351 1367 2437 t'reccme,
1391 2350 1625 2436 Sandomtrlc,
1649 2349 1797 2437 Stradie‘,
1819 2351 1983 2447 Leneieie,

446 2461 606 2548 Ouiame,
638 2461 901 2552 lithuanieque
927 2461 1095 2552 princeps
1119 2479 1321 2554 supremus,
1355 2459 1574 2545 Pomeranie,
1608 2459 1807 2551 Russieque
1829 2458 1984 2540 doninus

447 2574 484 2642 et
504 2569 622 2656 beres,
655 2567 906 2660 siguuicamus
929 2571 1053 2640 tenore
1087 2570 1327 2660 presencium,
1362 2565 1493 2659 quibus
1516 2565 1669 2660 expedit,
1702 2569 1891 2654 uniuersis,
1917 2593 1984 2666 prs

329 2707 333 2714 ⁴
448 2677 611 2752 sentibus
636 2682 681 2750 et.
694 2675 837 2762 futuris,
868 2677 1097 2768 presencium
1119 2676 1291 2749 noticiam
1313 2673 1502 2761 habituris,
1533 2672 1630 2766 quod
1652 2693 1740 2747 sanc
1764 2675 1984 2754 consideratis

447 2785 613 2858 noenum
651 2786 905 2876 obsequiorum
937 2781 1168 2875 constanciJs,
1200 2782 1331 2875 quibus
1363 2783 1463 2854 ciues
1487 2787 1525 2854 ct
1546 2782 1661 2855 incole
1695 2783 1853 2856 ciuitatis
1875 2791 1986 2862 noatn

449 2894 628 2966 Weeboroc
650 2896 812 2964 nostram
833 2889 1011 2963 hactenus
1033 2894 1120 2962 sunt
1142 2893 1303 2962 connati
1327 2891 1554 2962 maiestatem
1573 2893 1611 2961 et
1624 2890 1662 2961 in
1684 2895 1869 2983 posterum
1890 2899 1995 2970 aucto·

447 2999 635 3073 iidclitatis
663 2998 782 3072 studio
805 3001 963 3091 poterint
993 2997 1075 3091 plus
1110 2999 1284 3083 venerari,
1320 2996 1367 3069 sd
1398 3000 1576 3070 instantes
1608 2999 1805 3090 peticiones
1837 3001 1986 3092 ipsorum

447 3109 584 3182 ciuium
617 3105 755 3180 viduali
786 3106 899 3178 statori
933 3125 1076 3199 semper
1110 3107 1375 3198 componentes
1410 3110 1447 3176 et
1479 3107 1636 3198 competi
1657 3105 1819 3178 volentes
1851 3107 1986 3194 adiectu,

448 3215 579 3308 quibus
601 3217 726 3306 vtique
754 3214 902 3305 reliquis
932 3219 1016 3306 post
1045 3213 1236 3286 decessum
1259 3215 1470 3285 maritorum
1492 3216 1592 3285 varie
1613 3211 1840 3286 turbaeiones
1863 3219 1900 3287 et
1920 3215 1987 3308 plu·

447 3326 541 3396 rime
563 3317 756 3395 occurrunt
788 3319 1027 3406 incommoda,
1061 3321 1158 3393 hanc
1187 3320 1305 3411 legem
1339 3321 1522 3414 perpetuis
1553 3320 1775 3413 temporibus
1805 3321 1987 3395 tenendam

447 3433 642 3503 statuimus
667 3431 763 3500 circa
785 3427 1079 3500 distribucioncm
1101 3427 1288 3514 bonorum,
1319 3432 1402 3520 post
1424 3432 1576 3500 mortem
1607 3431 1817 3501 maritorum
1838 3431 1987 3523 ipsamm

446 3537 640 3611 viduarum
664 3542 700 3609 et
721 3537 929 3608 relictarum
952 3534 1204 3608 derelictomm
1228 3541 1265 3608 et
1285 3539 1563 3621 romanensium,
1588 3535 1683 3628 qnod
1702 3537 1988 3629 quandocumque
2076 3603 2080 3608 ,
2214 3596 2239 3646 .'
2256 3501 2264 3566 Ι·

449 3647 606 3738 aliquem
630 3645 748 3718 ciuein
778 3648 842 3715 aut
871 3641 1028 3716 incolam
1057 3643 1219 3716 eiusdem
1251 3646 1408 3716 ciuitatis
1433 3641 1604 3716 decedere
1627 3642 1673 3715 ab
1695 3643 1765 3717 irae
1786 3644 1867 3717 lucc
1889 3645 1987 3716 conii·

448 3755 551 3844 gerit,
582 3756 746 3825 consorte
769 3770 837 3824 sue
858 3749 1023 3842 legitima
1053 3753 1255 3845 superstite·
1273 3756 1491 3837 remanente,
1523 3755 1689 3844 quamuis
1711 3756 1813 3825 uxori
1835 3767 1988 3846 suopte

447 3861 543 3934 dicte
567 3859 680 3932 nichil
695 3858 740 3931 de
754 3861 859 3931 bonis
883 3863 960 3931 suis
985 3859 1299 3952 rccionedotalicij
1322 3862 1572 3949 assignauerit,
1598 3856 1684 3933 dum
1707 3863 1821 3933 vitem
1844 3858 1986 3933 ducebat

448 3969 690 4052 inhumanis,
721 3967 955 4038 nihilominus
979 3973 1101 4040 temen
1128 3969 1242 4040 tercia
1264 3987 1348 4060 pars
1371 3969 1533 4040 omniurn
1556 3967 1732 4040 bonorum
1755 3967 1937 4042 mobilium
1957 3970 1989 4035 ct
2081 3979 2083 3984 ‘

449 4074 820 4150 immobiliumdebet
843 4074 970 4147 cedere
992 4075 1161 4148 uxoribus
1185 4081 1268 4168 post
1290 4075 1480 4148 decessum
1504 4095 1652 4148 suenrm
1675 4079 1885 4148 maritomm
1898 4078 1932 4146 et
1949 4067 1989 4145 sd

448 4187 704 4278 proprietatem
728 4203 853 4256 eanum
882 4180 1063 4268 deuenirc,
1096 4185 1174 4256 iure
1203 4187 1365 4276 ipsonrm
1394 4182 1694 4274 Magdeburgensi
1721 4185 1760 4256 in
1783 4183 1987 4257 contrarium

454 4291 561 4377 edito,
584 4310 658 4363 non
682 4289 856 4362 obstante.
904 4289 943 4363 Si
967 4291 1055 4382 quid
1077 4296 1199 4364 autern
1221 4290 1315 4363 vltra
1337 4294 1487 4364 terciam
1509 4297 1649 4383 partem
1672 4296 1823 4365 maritus
1846 4287 1989 4364 consorti

451 4421 517 4472 sue
530 4398 692 4490 legitime
707 4395 868 4492 predicte
891 4400 1133 4488 assignauerit
1156 4419 1277 4472 coram
1301 4401 1487 4491 capitaneo
1502 4400 1561 4471 vel
1583 4397 1726 4486 iudicio,
1749 4399 1837 4472 durn
1859 4397 1989 4476 nuent
2083 4409 2084 4412 ‘

448 4505 538 4580 iilud
567 4509 683 4578 ceiam
705 4525 793 4578 vxor
817 4525 900 4586 cunr
924 4509 1036 4578 tercia
1054 4511 1155 4600 parte
1179 4507 1340 4600 predicta
1362 4507 1506 4580 debebit
1521 4509 1599 4578 sine
1613 4507 1828 4581 difficultate
1841 4506 1990 4582 obtinere

327 4676 331 4683 .
448 4617 711 4708 postmortem
735 4614 855 4684 mariti
879 4615 947 4700 sni,
977 4619 1019 4686 vt
1040 4617 1269 4706 premittitur,
1300 4619 1337 4686 et
1367 4612 1565 4686 decessum.
1605 4615 1716 4701 ‚Pueri
1745 4636 1840 4703 vero,
1870 4615 1902 4685 si
1923 4609 1991 4682 lue·

448 4725 530 4807 rint,
566 4721 658 4794 dues
693 4725 814 4814 partes
849 4719 1093 4814 predictorum
1124 4721 1301 4794 bonorum
1336 4727 1400 4793 aut
1435 4725 1540 4794 amici
1575 4727 1808 4815 proximiores
1840 4715 1990 4795 deiuncti

449 4829 669 4902 obtinebunt.
718 4827 809 4916 Quia
835 4849 920 4900 vero
957 4832 1226 4903 communitatis
1260 4827 1464 4902 incrdinsta
1493 4828 1684 4922 disposicio
1719 4835 1798 4905 sine
1827 4820 1989 4923 superiori
2082 4851 2084 4856 a

450 4938 597 5011 consilio
628 4935 720 5008 solet
742 4937 864 5028 sepius
887 4937 927 5008 in
950 4937 1159 5010 ciuitatibus
1189 4935 1344 5024 derdere,
1375 4938 1542 5010 volumus
1572 4943 1783 5026 statuentes,
1813 4943 1853 5012 vt
1875 4947 1989 5009 ornnes

450 5045 741 5119 mechanicorum
765 5045 924 5116 artiiices
948 5050 985 5117 et
1008 5048 1173 5135 magistri
1204 5049 1281 5119 suis
1311 5047 1515 5137 proconsuli
1546 5052 1583 5118 et
1613 5047 1819 5120 consulibus
1843 5037 1989 5117 ciuitatis

449 5153 618 5246 predicte,
646 5172 711 5244 per
734 5155 963 5243 capitaneum
987 5154 1120 5238 electis,
1152 5152 1312 5226 debitam
1335 5153 1471 5226 laciano
1494 5154 1739 5244 obedienciam
1770 5160 1806 5227 ct
1828 5157 1865 5225 in
1889 5142 1989 5221 omni·

448 5261 518 5333 bus
553 5280 676 5332 eorum
709 5259 1008 5345 ordinacionibus,
1043 5264 1188 5332 statutis
1213 5267 1248 5332 et
1271 5261 1448 5353 preceptis
1481 5264 1626 5334 omnino
1657 5263 1709 5333 eis
1742 5265 1816 5334 sint
1838 5247 1989 5331 subiecti.

449 5371 681 5460 ipsorumque
712 5366 947 5456 regiminibus
981 5372 1017 5441 et
1051 5367 1352 5459 disposicionlbus
1387 5371 1424 5440 in
1459 5369 1661 5440 statuendis
1697 5365 1937 5461 enipeionibus
1959 5359 1991 5426 ti

449 5473 721 5550 vendicionibus
756 5495 796 5546 se
826 5495 1005 5568 opponere
1036 5495 1107 5548 non
1143 5475 1308 5562 debeant,
1345 5497 1410 5548 nec
1443 5479 1496 5548 eis
1527 5476 1791 5566 quomodolibet
1815 5469 1989 5546 contraire.

2151 3881 2218 3994 sis
2240 3879 2285 3954 de
2308 3879 2353 3951 de

2162 4181 2308 4258 'Gneane

2171 4296 2307 4377 nostris,
2358 4324 2360 4351 τ

2172 4404 2204 4470 et
2237 4399 2282 4472 ad
2304 4419 2353 4470 vn

2172 4511 2300 4592 uenire,
2344 4538 2351 4567 ·

2173 4633 2250 4701 vna
2278 4635 2360 4688 nec

2173 4722 2356 4813 inirescrip

2174 4848 2232 4918 pro
2256 4829 2352 4922 quali

2095 5022 2096 5025 Ἴ
2175 4939 2303 5026 rigenis

2176 5042 2342 5119 iumine

2177 5157 2282 5226 sessis
2305 5173 2351 5223 uc

2179 5265 2358 5354 antiquom

2178 5367 2259 5440 villa
2281 5367 2327 5440 do
2351 5368 2358 5384 '

2180 5475 2257 5549 sita'
2279 5476 2339 5548 iue
