4706 6356
223 532 229 542 .
306 545 353 628 ω
407 519 410 528 ·
494 597 499 604 .

311 757 367 826 bi.
411 755 517 832 1404.
542 747 602 826 die
624 747 680 861 22.
704 753 840 826 mensis
862 737 959 839 irat,
981 771 1093 846 propo
1114 739 1262 843 heio&

472 967 658 1042 Comedus
682 968 727 1042 de
749 969 950 1060 lungingen
973 970 1147 1059 magster
1168 969 1345 1058 generalis
1369 967 1504 1042 ordinis
1526 969 1561 1042 b.
1584 967 1718 1044 Marias
1737 967 1857 1066 bospi-

309 1075 395 1258 ¹1teira'lros
413 1075 692 1258 &minutioni
725 1077 770 1150 de
793 1076 898 1151 domo
923 1075 1120 1150 ueumnca
1150 1095 1278 1170 pacem
1309 1081 1521 1170 perpetuam
1548 1098 1633 1150 cum
1654 1097 1739 1170 rege
1760 1077 1858 1154 Polo·

469 1399 511 1474 ln
533 1401 680 1475 nomine
697 1399 855 1476 =Domini
878 1421 995 1474 amen.
1041 1398 1117 1473 Sub
1148 1419 1242 1474 anno
1273 1421 1295 1474 a
1325 1399 1525 1474 Natiuitate
1555 1351 1717 1476 eiusdem
1745 1377 1860 1478 mille

312 1510 404 1582 simo
428 1507 784 1601 quadringentesimo
808 1509 1029 1594 duodecimo,
1053 1506 1254 1582 indiccione
1284 1511 1419 1600 quinta,
1451 1511 1685 1604 pontificatus
1708 1514 1856 1586 sanctis

309 1619 393 1690 simi
416 1619 455 1690 in
477 1615 619 1690 Christo
642 1620 757 1710 patris
780 1621 817 1690 et
839 1617 975 1690 domini
997 1619 1121 1702 nostri,
1152 1614 1288 1690 domini
1317 1617 1486 1690 Iohannis
1516 1617 1626 1708 digna
1648 1617 1716 1692 Dei
1736 1622 1854 1713 proui-

311 1725 438 1798 deucia
465 1744 559 1819 pape
593 1727 777 1798 vicessimi
812 1727 913 1818 teroij
940 1743 1034 1796 anno
1073 1723 1242 1809 secundo,
1287 1723 1346 1796 die
1368 1725 1493 1798 Martis
1527 1728 1720 1800 vicessima
1753 1732 1855 1800 sexta

310 1835 446 1906 mensis
468 1831 616 1926 Aprilis,
639 1831 729 1905 bora
750 1852 927 1907 nonarum
956 1832 1016 1904 uel
1046 1835 1160 1922 quasi,
1191 1831 1363 1906 Craoome
1392 1836 1431 1906 in
1461 1833 1539 1906 sala
1561 1839 1704 1908 murata
1726 1833 1854 1908 domus

310 1942 434 2014 acialis
457 1940 583 2012 circuli
612 1943 771 2014 cirritatis
794 1939 1042 2022 Cremuiensie
1071 1937 1242 2032 predicte,
1274 1943 1370 2014 circa
1402 1961 1512 2032 quam
1533 1944 1608 2014 itur
1630 1941 1676 2014 ed
1696 1941 1854 2036 plateam

308 2053 432 2121 sancte
454 2051 571 2134 Anne,
594 2052 812 2120 constitutus
834 2047 1068 2142 personaliter
1089 2046 1309 2121 reuerendus
1332 2051 1371 2120 in
1394 2048 1536 2122 cbristo
1557 2053 1661 2144 pater
1682 2054 1720 2122 et
1744 2048 1854 2123 domi·

309 2177 388 2242 nus,
422 2155 590 2228 dominus
612 2155 783 2230 Albanius
806 2159 996 2249 opiscopus
1020 2153 1284 2240 Poznaniensis‚
1317 2158 1420 2248 regni
1442 2156 1588 2230 Polonie
1611 2157 1854 2244 cancellarius,

308 2268 347 2338 in
370 2267 442 2338 mei
465 2266 594 2358 notarij
623 2264 759 2358 publici
782 2264 975 2356 subscripti
997 2265 1216 2354 testiumque
1245 2262 1557 2356 inirasoriptomm
1587 2263 1634 2338 ad
1662 2264 1730 2338 boc
1752 2285 1855 2338 voca·

308 2376 428 2446 tonum
460 2377 498 2444 et
518 2375 726 2462 rogatomm
757 2373 954 2464 presencia,
979 2372 1064 2468 ⁴suis
1095 2373 1223 2443 tenens
1258 2373 1297 2444 in
1328 2371 1496 2444 manibus
1520 2370 1695 2464 quasdam
1717 2373 1855 2446 litteras

293 2485 349 2554 .in
370 2499 590 2575 pergameno
618 2483 783 2573 scriptas,
816 2478 885 2551 sub
916 2477 1046 2570 tytulo
1064 2478 1252 2569 magniiici
1288 2497 1330 2552 ao
1361 2479 1520 2580 religiosi
1554 2481 1676 2553 iratris
1699 2479 1856 2554 moreti

257 2579 265 2590 ’
309 2587 355 2660 de
376 2589 588 2680 lungingen
602 2586 748 2662 ordinis
771 2586 875 2660 beate
898 2586 1009 2660 liaris
1032 2586 1220 2679 hospitalis
1243 2585 1516 2660 lemzolimiteni
1538 2587 1709 2662 dedomo
1732 2587 1855 2662 'iben-

309 2699 434 2769 tuniea
455 2696 620 2787 Magistri
642 2697 830 2788 generalis,
865 2696 1053 2788 ipsiusque
1082 2693 1199 2766 sollito
1230 2695 1349 2785 sigillo
1383 2695 1423 2768 in
1451 2695 1527 2768 iilis
1557 2699 1701 2770 sericeis
1725 2695 1798 2769 albi
1819 2701 1856 2770 et

310 2807 405 2895 nigri
429 2803 589 2876 coionnn
612 2802 828 2896 dependenti
850 2803 1037 2892 sigillatas,
1060 2821 1126 2896 per
1148 2805 1402 2876 monetarium
1416 2803 1687 2897 inirescriptum
1710 2802 1856 2876 easdem

308 2913 431 2985 literas
454 2913 653 2986 transumi
676 2913 713 2984 et
735 2909 892 2983 fideliter
914 2931 957 2982 ex
981 2909 1103 2982 oiiioio
1126 2909 1405 2983 thabellionatus
1428 2915 1500 2984 mei
1522 2915 1562 2985 in
1584 2911 1765 3006 publicam
1788 2911 1856 2984 ior
1916 2959 1925 2976 ·
2009 3009 2012 3014 Ι

310 3041 408 3092 mam
443 3019 584 3110 reddigi
618 3019 672 3091 nil
706 3017 869 3091 addendo
902 3017 962 3090 uel
997 3017 1202 3104 minuendo,
1239 3017 1334 3110 quod
1371 3039 1520 3092 sensum
1552 3022 1761 3092 immutaret
1791 3024 1855 3092 aut

2068 743 2320 846 „thesaurario

2066 863 2242 954 „iohanne
2275 863 2306 936 R
2339 896 2353 927 o

2068 973 2320 1062 ‚ecelesiarum
2351 1006 2353 1031 ι

2069 1079 2207 1172 „dignis
2230 1079 2338 1152 ason

2226 1189 2353 1260 Acte:

2068 1294 2198 1387 quibus
2220 1315 2340 1389 supra

2068 1403 2202 1476 domini
2223 1402 2352 1474 Alban

2068 1509 2202 1584 ibidem
2223 1508 2348 1582 bono:

2067 1619 2246 1713 preposito
2291 1619 2330 1689 ln

2071 1725 2215 1800 Nicolao
2246 1724 2291 1797 de
2320 1723 2352 1796 Κ

2070 1837 2186 1905 cestro
2209 1831 2319 1904 Creco

2069 1939 2183 2014 nislao
2207 1939 2296 2012 elias
2349 1947 2353 2001 1

2070 2047 2180 2120 Pelka
2202 2044 2247 2120 de
2334 2078 2342 2107 ι

2071 2155 2166 2228 dicto
2189 2153 2327 2244 Langnl

2072 2265 2230 2336 ciuitatis
2253 2261 2312 2334 Cr:
2350 2292 2353 2321 ι

309 3130 465 3200 variaret
486 3127 710 3200 intellectum
735 3130 780 3198 Ι111
814 3125 951 3200 eisdem
981 3124 1223 3210 demandauit,
1261 3129 1312 3200 ita
1339 3125 1435 3218 quod
1459 3126 1576 3200 eidem
1612 3129 1855 3221 transsumpto
1982 3163 1984 3167 ·
2069 3153 2078 3164 ·

310 3227 512 3328 tamquam
527 3238 616 3328 ipsis
641 3233 891 3325 oniginalibus
923 3233 1037 3332 literis
1066 3231 1160 3306 iides
1188 3234 1350 3327 plenaria
1371 3234 1492 3307 valeat
1512 3234 1663 3310 vbilibet
1685 3234 1855 3308 adbiberi.

311 3341 618 3486 Quarumquidem
641 3343 869 3434 originalium
891 3341 1078 3414 literarum
1108 3345 1212 3414 tenor
1234 3341 1280 3414 de
1302 3341 1412 3415 uerbo
1443 3341 1491 3415 ad
1521 3342 1674 3416 uerbum
1695 3345 1857 3434 sequitur

311 3457 348 3524 et
370 3456 428 3524 est
448 3451 570 3647 u:lllilsos
593 3553 705 3630 irater
727 3501 915 3630 Ounradus
939 3556 985 3630 de
1006 3557 1217 3648 lungingen,
1251 3557 1385 3630 ordinis
1408 3557 1513 3632 beate
1535 3559 1646 3630 Meris
1668 3559 1854 3652 hospitalis

313 3665 604 3755 „ierosolimitani
635 3664 681 3737 de
713 3664 818 3738 domo
851 3665 1086 3738 theutunica
1116 3666 1289 3756 Magister
1318 3667 1508 3756 generalis
1543 3672 1670 3740 notum
1700 3667 1854 3740 iacirnus
1919 3751 1926 3764 Ι
2040 3727 2045 3740 .
2085 3703 2090 3718 ·

313 3777 524 3862 „uniuersis
556 3772 652 3863 quod
674 3770 778 3845 sicud
810 3771 947 3844 dudum
977 3771 1199 3866 temporibus
1231 3773 1401 3846 liunimiri
1430 3775 1547 3847 delicis
1572 3778 1742 3848 memorie
1764 3795 1856 3848 sere·

316 3885 477 3970 „nissimi
500 3885 597 3972 regis
625 3881 779 3966 Pelopia,
810 3885 893 3974 post
922 3881 1160 3973 multiplicum
1190 3899 1410 3972 gisemanrm
1441 3901 1484 3954 ac
1515 3881 1656 3956 cedium
1685 3882 1855 3966 turbines,

314 3994 427 4078 „inter
449 3993 570 4083 ipsum
591 4008 815 4080 regnumque
839 4008 946 4060 suum
970 4009 1013 4060 ex
1032 4008 1113 4072 vna,
1137 3988 1407 4082 predecessores
1423 3995 1576 4076 nostros,
1600 4011 1666 4064 nos
1681 3997 1857 4064 nostrum·

314 4119 405 4191 „que
428 4097 589 4170 ordinem
616 4103 718 4190 perte
749 4117 792 4168 ex
821 4097 934 4168 altera
963 4117 1033 4190 pax
1062 4102 1236 4189 perpetua
1266 4097 1384 4170 iuerat
1413 4097 1647 4192 solempniter
1676 4100 1855 4192 stipulata,

314 4211 388 4294 ,sic
411 4213 448 4280 et
469 4225 566 4278 nunc
589 4223 635 4276 ne
658 4207 696 4276 in
727 4209 834 4278 antea
864 4208 1027 4297 tepescat
1057 4207 1120 4276 aut
1151 4207 1252 4298 pacis
1283 4207 1401 4277 amulo
1431 4210 1645 4299 procurante
1667 4205 1856 4298 quomodo·

316 4315 423 4403 „libet
453 4333 518 4407 per
551 4315 723 4384 inerciam
754 4317 818 4385 aut
851 4313 1115 4402 negligenciam
1147 4319 1340 4386 euanescat
1375 4319 1561 4406 assumpte
1592 4319 1630 4387 et
1659 4317 1856 4407 conscripte

316 4425 436 4516 „pacis
458 4419 696 4515 pulchritudo,
726 4419 771 4492 de
795 4421 929 4492 consilo
953 4419 1278 4512 Conprecepborum
1308 4426 1512 4493 nostrorum
1535 4421 1712 4513 prciatam
1735 4441 1856 4514 perpe·

315 4539 436 4620 „tuam
458 4549 586 4623 pacem
613 4528 817 4600 recentibus
840 4531 956 4621 pactis
976 4535 1099 4624 tenore
1112 4531 1340 4621 presencium
1360 4529 1627 4614 confirmanus,
1652 4533 1856 4622 promitten·
1897 4545 1901 4554 ·

314 4645 390 4728 „tes
413 4640 508 4710 bona
530 4636 605 4708 iide
628 4635 780 4708 eandem
803 4635 1095 4725 irrefragabiliter
1118 4637 1318 4708 obseruare.
1365 4637 1406 4708 ln
1429 4657 1580 4728 quorum
1611 4641 1855 4710 testimonium

314 4754 372 4836 „ct
395 4745 620 4820 euidenciam
644 4747 835 4816 cerciorem
859 4747 1044 4836 presentes
1068 4744 1191 4815 literas
1222 4747 1335 4815 nostri
1359 4748 1504 4817 maioris
1528 4747 1636 4835 sigilli
1661 4749 1856 4818 munimine

267 4945 271 4954 Ι
314 4855 588 4942 „mandabimus
614 4855 798 4924 comuniri.
846 4853 980 4924 ilatum
1004 4855 1043 4924 in
1066 4853 1179 4924 iluuio
1207 4855 1310 4924 Wislc
1333 4873 1443 4946 prope
1467 4859 1627 4926 castrum
1649 4858 1857 4926 Ronczausz

315 4963 647 5052 ,lliladislauiensis
681 4957 857 5046 diocesis·
880 4961 971 5034 ieris
1001 4963 1127 5050 quinta
1149 4963 1312 5054 proxima
1335 4967 1418 5032 ante
1442 4961 1576 5032 iestum
1600 4965 1723 5034 sancte
1746 4961 1856 5033 'irini-

314 5073 430 5159 „tatis
455 5091 548 5144 anno
572 5069 716 5141 Domini
740 5069 930 5140 millesimo
956 5067 1308 5160 quadringentesimo
1333 5073 1470 5158 quarto.
1508 5069 1736 5141 Proseniibus
1759 5087 1856 5142 reue

314 5180 456 5268 „randis
480 5183 518 5252 in
540 5177 681 5252 Christo
705 5177 869 5269 patribus
893 5181 929 5249 et
952 5177 1118 5262 dominis
1143 5177 1298 5249 dominis
1322 5177 1479 5250 Arnoldo
1504 5183 1541 5249 et
1568 5177 1724 5249 iohanne
1749 5176 1856 5249 ecole-

315 5291 471 5377 „siarum
495 5287 673 5380 episcopis
697 5285 900 5356 Culmensis
924 5290 960 5356 ot
983 5285 1282 5378 Po‘mezanicnsis
1307 5305 1350 5356 ac
1374 5285 1514 5357 dilectis
1541 5289 1580 5356 in
1595 5285 1742 5357 'Ciuisto
1767 5281 1856 5357 ordi·

315 5398 392 5485 „nis
416 5397 528 5467 nostri
551 5394 737 5466 iratribus:
784 5391 948 5465 Cunrado
979 5393 1024 5464 de
1052 5391 1296 5484 licbtcnstcyn
1310 5397 1367 5481 (s),
1397 5392 1610 5465 Burkhardo
1638 5392 1682 5464 de
1708 5393 1854 5470 libbete,

314 5523 501 5596 „supremo
531 5503 724 5594 irappiario
756 5505 791 5573 ot
824 5499 1113 5574 commendatore
1142 5503 1181 5573 in
1214 5499 1411 5592 Cristburg,
1449 5500 1606 5573 Amoldo
1638 5499 1682 5572 de
1711 5499 1857 5572 Heckon

2077 4323 2150 4396 'gno
2174 4327 2326 4400 quoque,

2083 4419 2194 4488 suetis
2224 4417 2341 4495 consi

2082 4515 2346 4612 premissorum.

2242 4719 2352 4777 Doku··

2080 4807 2235 4882 ¹inier'rslrlaj
2256 4811 2306 4884 (N.
2349 4846 2353 4853 Δ
