4720 6360
419 455 492 544 lbi

419 663 561 741 Christo
584 671 687 762 putre
710 672 747 742 et
769 643 925 754 domiuo,
960 653 1105 742 domino
1127 657 1275 743 Alberto
1297 655 1365 742 bei
1388 659 1512 762 grecie
1534 657 1700 765 episcopo
1721 655 1953 784 Pomunlan

418 777 726 875 pennutcolonem
759 776 869 850 talem
905 775 1146 850 hereditatum
1182 781 1276 850 luter
1303 799 1343 851 se
1365 777 1538 864 iooemnt,
1571 778 1738 852 videlicet
1760 786 1858 875 quod·
1874 791 1954 878 Smp
2028 815 2029 820 Ν

418 881 517 954 slous
541 887 578 956 et
600 883 789 976 Boguphel
820 883 972 978 predicti
994 889 1108 958 totum
1141 885 1371 958 medietatem
1401 887 1561 977 ipsorum
1590 885 1798 962 hereditatis
1820 893 1953 986 hlium
2024 879 2025 884 ‘
2055 979 2056 982 Ν

418 993 697 1080 Butmmiccob
721 991 919 1066 cumomni
942 995 1020 1066 iure
1042 996 1079 1064 et
1102 991 1256 1080 domino,
1280 997 1386 1088 prout
1401 993 1468 1066 soll
1481 999 1674 1066 tenuerunt
1695 1001 1733 1067 ot
1754 995 1952 1104 hobuemnq

419 1097 657 1191 omnibusque
678 1099 815 1188 usibus,
839 1099 1027 1185 imotibus,
1055 1099 1300 1194 prouentihus,
1331 1101 1509 1189 censibus,
1540 1105 1646 1192 egris,
1670 1107 1794 1196 protis,
1817 1124 1952 1212 tempu,

418 1209 575 1300 pascuis,
599 1207 713 1294 sllulo,
736 1207 885 1293 rubetis,
908 1208 1034 1294 borris,
1065 1207 1271 1300 melllilc'qis,
1303 1212 1417 1301 equis,
1447 1211 1598 1300 stagnis,
1630 1209 1831 1302 paludibus,
1859 1225 1953 1313 pinei.

418 1317 486 1401 uls,
510 1317 713 1407 piscenius,
737 1315 960 1402 nomnibus,
983 1315 1145 1403 lacubus,
1169 1317 1308 1403 riuulis,
1340 1316 1553 1389 molendinis
1583 1309 1620 1389 et
1647 1319 1859 1407 generaliter
1879 1349 1951 1412 equ
2031 1387 2033 1390 ,

418 1421 572 1512 nugulis
599 1423 814 1496 utilitatibus
838 1427 876 1532 et
897 1426 1076 1498 vniuersis
1091 1426 1335 1516 pertinencijs,
1358 1443 1585 1516 quocumque
1601 1423 1646 1496 od
1661 1424 1813 1500 condem
1835 1437 1952 1516 medis

418 1535 531 1602 tutem
552 1529 763 1604 homuntio
785 1531 933 1605 Minoris
955 1535 1196 1604 Bctmcntcec
1217 1533 1489 1626 pertinentibus,
1512 1531 1623 1606 nichil
1652 1535 1796 1626 penitus
1818 1539 1902 1614 iun‘s
1922 1563 1952 1624 el

417 1636 567 1731 domiui]
600 1657 666 1732 pro
700 1659 741 1712 se
764 1642 948 1712 eteorum
982 1637 1170 1730 legittimus
1201 1641 1469 1712 successoribus
1495 1645 1741 1736 ,resemnutes
1774 1645 1951 1728 medietate
2039 1684 2042 1691 s
2154 1647 2162 1664 '

352 1791 357 1798 -
416 1743 627 1818 hereditatis
650 1747 688 1818 in
712 1743 849 1834 endem,
872 1767 937 1840 pro
960 1766 1031 1820 vno
1055 1767 1182 1820 menso
1206 1751 1284 1838 egri
1307 1767 1390 1820 cum
1412 1746 1519 1820 domo
1542 1753 1580 1820 et
1602 1747 1758 1840 edilicils
1789 1771 1831 1824 uc
1852 1767 1952 1836 omni.

326 1915 328 1920 .
416 1853 487 1926 bus
515 1855 613 1944 egris
642 1857 680 1926 ct
708 1855 832 1949 protis,
863 1857 1002 1948 campis
1036 1857 1074 1928 et
1102 1857 1259 1947 pascuis,
1290 1854 1554 1946 quomodolibet
1586 1853 1633 1928 ud
1654 1857 1774 1952 ipsum
1797 1878 1950 1943 mensum
1978 1869 1979 1874 '

416 1961 679 2054 pertinentibus
701 1965 741 2034 in
764 1963 1077 2054 antiquo-oroma
1106 1983 1190 2034 cum
1224 1961 1410 2034 addicione
1434 1966 1579 2034 centum
1602 1981 1804 2037 marcorum
1826 1987 1951 2058 grosso.

334 2141 337 2146 ,
416 2089 498 2142 rum
521 2069 676 2142 lotorum
703 2069 940 2160 Pregenslum
970 2073 1008 2142 et
1035 2072 1177 2142 numeri
1207 2069 1419 2142 Polonicelis
1452 2073 1614 2142 consueti
1643 2069 1818 2144 dederunt
1846 2081 1950 2166 modo,

416 2181 477 2250 rin
500 2180 537 2250 et
558 2177 676 2251 iormo
702 2179 983 2270 permutacionis
1016 2176 1232 2270 supradicte,
1266 2197 1331 2270 per
1362 2179 1482 2270 ipsum
1511 2176 1748 2250 reuereudum
1777 2178 1949 2262 domiuum

417 2284 606 2358 Albertum
640 2285 708 2358 Dei
746 2287 870 2376 grecie
905 2287 1115 2380 episcopum
1146 2284 1425 2357 Pounnuiensem
1465 2289 1501 2357 et
1538 2304 1764 2358 successores
1801 2308 1950 2368 suosne

417 2413 581 2470 mensum
605 2393 845 2498 episcopalem
859 2391 1063 2478 tenendum,
1087 2391 1301 2478 habendam,
1325 2391 1590 2485 possidendam,
1614 2392 1848 2482 vendendum,
1875 2399 1949 2472 obli·

417 2501 585 2593 gaudem,
610 2499 903 2574 commutandam
926 2505 964 2572 et
985 2503 1024 2572 iu
1045 2521 1133 2573 usus
1161 2503 1276 2592 ipsius
1298 2499 1518 2573 voluntarios
1541 2499 1828 2588 conuerteudem,
1856 2519 1950 2598 pmut

226 2625 235 2636 .
298 2667 302 2672 .
418 2609 486 2682 sibi
509 2609 656 2682 domino
684 2611 851 2702 episcopo
874 2613 912 2682 et
926 2611 1004 2680 suis
1019 2607 1288 2682 successorihus
1303 2609 1426 2680 villius
1441 2607 1622 2680 videbitur
1643 2607 1946 2701 expedimentum
2057 2647 2059 2654 ψ

416 2715 1091 2811 ¹¹0b¹⁸ll101¹ffl0²il¹¹l⁰l>1⁰ltrl0itli⁸
1113 2700 1388 2808 inperpetuum
1410 2720 1720 2807 resiugnuuemut.
1766 2715 1947 2792 Seruum
2042 2733 2043 2770 ³
2125 2745 2130 2758 ·
2276 2715 2284 2730 ·

416 2845 501 2900 vero
524 2823 707 2918 predictus
730 2823 913 2896 irdeiusslt
935 2843 999 2916 pro
1029 2825 1219 2916 nepotibus
1251 2827 1338 2908 suis,
1367 2823 1535 2895 videlicet
1556 2843 1621 2916 pro
1643 2825 1764 2918 pueris
1793 2823 1868 2898 lille
1887 2827 1948 2898 iro·
1988 2901 1991 2907 ,

417 2937 483 3006 tris
505 2935 564 3006 sui
586 2934 750 3023 germani
772 2929 939 3017 Cumndl
970 2933 1022 3003 lte
1044 2929 1139 3022 quod
1162 2935 1310 3024 nepotes
1332 2935 1390 3004 sui
1411 2929 1564 3024 predicti
1592 2931 1688 3004 inire
1716 2935 1789 3004 tres
1811 2939 1947 3020 [meuses

418 3039 465 3112 nd
486 3043 601 3114 nostn'
634 3042 859 3132 presencium
886 3042 1010 3112 venire
1043 3038 1176 3113 debent
1214 3045 1251 3111 et
1279 3038 1396 3112 eidem
1431 3039 1574 3111 domino
1609 3043 1774 3132 episcopo
1806 3041 1947 3114 similem

417 3147 577 3242 predicte
609 3147 813 3220 medietstis
847 3145 1057 3220 hereditatis
1089 3146 1236 3220 Minoris
1268 3149 1508 3220 Bultoronioeo
1537 3147 1656 3218 iacere
1678 3150 1947 3238 resiguncioncm

418 3262 454 3329 et
488 3249 623 3328 dictum
662 3253 859 3349 approbare
890 3257 1213 3348 permutationem
1246 3259 1279 3326 si
1312 3259 1433 3330 nutem
1466 3253 1619 3347 predicti
1650 3259 1797 3348 nepotes
1828 3253 1947 3326 dicun

416 3366 728 3456 resinguocionem
751 3361 956 3436 medietatis
979 3361 1188 3435 hereditntls
1211 3362 1358 3435 Minoris
1380 3365 1622 3436 Butoocnicso
1643 3361 1738 3434 inim
1759 3365 1949 3456 prenotatos

415 3477 490 3544 tres
514 3490 658 3544 meuses
681 3490 755 3544 uon
771 3470 943 3556 iecerint,
973 3475 1061 3560 tuno
1094 3472 1216 3542 omnio
1246 3469 1412 3563 dompne,
1444 3489 1668 3562 quecumque
1697 3472 1775 3563 ipse
1797 3467 1949 3542 domiuus

416 3581 607 3674 episeopus
630 3565 766 3664 lecerit,
796 3581 834 3651 ln
857 3581 979 3672 ipsum
1002 3576 1254 3651 fideiussorem
1278 3578 1492 3651 Snmlslaum
1522 3577 1654 3650 debent
1674 3574 1872 3649 redundari.
1913 3573 1947 3665 ‚ln
2033 3616 2038 3628 ·
2127 3681 2145 3752 d
2298 3680 2334 3753 di

2010 3717 2046 3724 ‚,
2147 3703 2211 3769 ern,
2233 3701 2355 3777 prcc

418 3691 521 3760 curius
542 3689 596 3760 rei
618 3689 866 3760 testimonium
890 3687 1049 3778 sigillum
1072 3691 1237 3762 nostrum
1259 3684 1485 3778 presentibus
1501 3689 1558 3758 est
1573 3704 1781 3778 appensum
1826 3683 1945 3754 Actum

418 3801 455 3868 et
476 3795 602 3869 dotum
625 3797 664 3868 in
686 3793 866 3868 Pounnuie
887 3797 965 3888 ipso
990 3793 1048 3866 dle
1075 3793 1346 3866 Purliicacionis
1369 3793 1489 3878 Mario,
1521 3813 1615 3866 ormo
1638 3793 1782 3866 Domini
1803 3789 1854 3862 iu
1874 3805 1946 3878 qur·

417 3903 698 3995 drlngeuteslmo
745 3922 850 3976 nono.
904 3901 1133 3974 Presentibus
1179 3907 1325 3974 strenuo
1366 3899 1617 3993 nobilibusque
1653 3903 1751 3987 viris,
1790 3895 1945 3970 dominis:

416 4011 593 4104 Bogussio
624 4010 913 4084 commendatore
943 4011 1040 4082 circe
1069 4015 1236 4082 sanctum
1264 4009 1456 4081 Iohannem
1489 4014 1572 4081 unte
1602 4007 1826 4090 Pouncniem,
1856 4001 1946 4090 wys-

417 4119 569 4192 schothe
589 4117 641 4208 lde
672 4121 789 4208 Loco,
823 4119 1032 4192 Winoencio
1067 4116 1212 4190 liothlrn
1246 4115 1290 4188 de
1326 4119 1543 4206 insedimus,
1579 4113 1725 4188 Nicolao
1758 4114 1802 4186 de
1831 4113 1945 4197 Sepno.

417 4227 568 4300 hlertino
591 4225 725 4298 Rosust
746 4224 792 4298 de
814 4227 1030 4298 Iornoltoroo
1054 4228 1090 4296 et
1112 4223 1286 4296 Michaele
1319 4223 1363 4295 de
1386 4227 1621 4296 Miroslocotce
1642 4221 1840 4306 heredibus,
1864 4215 1946 4303 allis·

417 4355 487 4426 que
509 4335 674 4430 plurimis
697 4333 893 4424 iidedignls
916 4339 983 4406 etc.

580 4529 746 4589 Dokument
757 4531 977 4606 pcrgrminovy,
995 4527 1196 4604 przeohownny
1215 4547 1240 4586 w
1258 4529 1412 4588 nobiccum
1430 4529 1563 4605 kopituly
1579 4527 1751 4600 hinlrelnej
1770 4511 1946 4602 proaulio·

416 4629 571 4696 optinony
581 4621 631 4695 byl
642 4621 806 4696 pierwotnie
818 4619 904 4692 jednq
912 4621 1058 4695 pieozqoiq,
1074 4637 1110 4693 po
1124 4619 1214 4690 ktbrej
1229 4619 1311 4692 iylko
1320 4620 1439 4678 oznruek
1453 4639 1468 4678 o
1483 4620 1660 4692 iioleiowego
1673 4617 1811 4689 icdwnhln
1825 4601 1945 4686 pozoeffl·
2057 4608 2060 4645 s

579 4803 601 4892 ξ)
620 4801 796 4871 Moenia,
815 4799 881 4858 nisi
899 4817 926 4856 v
942 4817 1006 4876 pon
1031 4798 1187 4857 kroboklm.

2123 3254 2348 3345 presencium,

2050 3360 2054 3367 '
2123 3361 2274 3433 uitudine
2291 3379 2353 3435 ,uo

2124 3477 2155 3539 ot
2175 3473 2212 3540 in
2235 3487 2336 3539 ewm.

2125 3575 2261 3660 eisdem,
2285 3595 2352 3646 nec

2127 3794 2191 3862 tuis
2213 3797 2332 3883 tempo
2359 3832 2360 3835 π

2055 3934 2058 3939 ·
2124 3897 2167 3969 dc
2188 3897 2354 3972 uostrod

2046 4037 2047 4040 ¹
2130 4007 2291 4080 uertendi.
2348 4014 2360 4047 '¹

2133 4113 2300 4187 libcioowo
2331 4162 2340 4176 -

2132 4227 2203 4294 sota
2224 4227 2345 4295 vetere

2134 4332 2327 4404 molestetis

2054 4480 2057 4483 -
2134 4440 2234 4510 lorcin
2257 4439 2358 4511 Cor·'

2136 4547 2285 4619 sentibus
2319 4565 2358 4617 re

2137 4648 2355 4736 Gnennensis,

2137 4765 2352 4854 streuuisque

2056 4918 2058 4921 -
2139 4864 2262 4940 ostrow
2301 4869 2360 4942 Se

2142 4971 2340 5064 Koroieozpol

2142 5087 2171 5146 ut
2192 5081 2344 5155 Iohanne

2144 5191 2330 5278 callitoneo,

2050 5323 2051 5326 ’
2147 5309 2200 5376 lidi·
2223 5317 2349 5369 mallus

2146 5401 2303 5491 ciuitatis,
2327 5425 2360 5476 nr
