4720 6360
390 537 521 652 ‚m

616 763 841 860 Quaquidem
864 763 1049 840 sentencie
1070 765 1195 840 nostra
1215 781 1281 862 per
1295 777 1368 840 rros
1389 755 1465 840 iata
1487 765 1524 840 et
1552 787 1618 862 per
1646 758 1784 844 dictum
1811 762 1989 866 dominum

454 875 643 950 Aibertum
668 877 877 970 episcopum
898 875 980 946 vice
1011 877 1214 948 neruorum
1242 877 1404 953 omnium
1427 877 1480 947 sic
1502 879 1760 969 pronuncoiata
1782 883 1820 951 et
1840 885 1991 974 praiaco,

455 1005 497 1058 ac
521 983 729 1078 apartibus
763 983 934 1078 predictis
968 980 1102 1056 ibidem
1136 982 1374 1076 presentibus,
1413 981 1546 1068 audita
1581 990 1701 1078 partes
1733 988 1812 1080 ipse
1845 995 1989 1080 eandem

454 1090 624 1164 hincinde
656 1098 784 1186 sponte
814 1095 852 1163 et
880 1089 992 1164 libere
1023 1095 1265 1183 acceptarunt
1296 1090 1540 1184 appmbarunt
1568 1097 1606 1164 et
1631 1093 1924 1184 emologauerunt
1950 1126 1989 1184 aa

452 1204 596 1290 gratam
628 1203 665 1272 et
697 1206 814 1274 ratam
840 1199 1050 1272 habuerunt
1081 1199 1339 1291 pecieruntque
1373 1218 1437 1291 per
1471 1202 1651 1272 notarium
1680 1201 1865 1296 publicum
1887 1207 1988 1288 intr..

323 1349 329 1358 ·
453 1309 629 1400 scriptum
652 1308 721 1381 sibi
736 1327 844 1402 super
858 1327 903 1380 ea
919 1307 1002 1380 tisri
1017 1306 1161 1400 publice
1183 1305 1433 1379 instrumenta
1480 1306 1529 1380 Vt
1551 1313 1672 1381 autem
1694 1307 1762 1382 hec
1784 1317 1988 1406 perpetuam

329 1418 333 1426 '
358 1421 360 1424 ’
453 1414 639 1489 obtineant
660 1415 872 1489 simultatem
895 1419 932 1490 st
953 1416 992 1487 in
1015 1433 1108 1488 ewm
1130 1420 1363 1508 personarent
1383 1414 1590 1501 inconwisa,
1620 1423 1743 1516 nostm
1765 1422 1803 1490 et
1824 1429 1987 1516 prepositi

453 1545 497 1596 ac
520 1515 669 1618 'capituli
691 1529 972 1612 memoratorum
994 1522 1114 1614 aigil-lo
1136 1522 1208 1616 hijs
1232 1525 1378 1596 statutis
1409 1527 1447 1594 et
1468 1519 1777 1616 dispositionibus,
1810 1546 1875 1618 per
1896 1539 1988 1609 nota·
2123 1523 2125 1526 ’
2335 1590 2351 1621 .,

451 1635 546 1706 rium
564 1633 840 1727 ,infrascriptum
868 1631 1061 1726 publicatis
1090 1631 1372 1724 etsubscriptio,
1403 1628 1572 1704 duximus
1595 1617 1841 1726 appendenda
1886 1635 1989 1718 Lacu

385 1799 390 1807 .
424 1741 525 1818 ¹lata
559 1746 596 1814 et
629 1745 668 1814 in
701 1744 856 1835 scriptis,
891 1744 933 1812 vt
966 1739 1153 1832 prefertur,
1189 1740 1448 1833 pronuucciata
1478 1744 1534 1810 est
1566 1737 1634 1812 bec
1666 1745 1789 1813 nostra
1811 1748 1989 1825 sentencia

357 1923 361 1930 .
450 1849 639 1924 arbitraria
660 1852 836 1958 musicis,
864 1847 971 1945 opido
994 1847 1215 1922 Gnennansis
1238 1845 1402 1933 diocesis,
1430 1848 1468 1918 in
1492 1851 1609 1920 castro
1640 1853 1760 1922 nosuu
1783 1852 1892 1940 regio,
1924 1861 2014 1934 cub.

1759 4845 1763 4856 .

1180 4891 1183 4896 ’
1209 4893 1212 4898 ’
1334 4881 1763 4922 Ἄκη-..η’

304 4997 309 5008 ’
432 5011 526 5066 anuo
585 4990 697 5064 omini
721 4987 910 5060 millesimo
939 4987 1293 5080 quadringentesimo
1316 4991 1455 5074 octauo,
1485 4988 1835 5081 indiccioneprlma,
1865 4983 1974 5083 ponti·

430 5101 563 5174 imatus
599 5099 820 5170 sanctissimi
854 5099 892 5167 in
925 5095 1066 5168 Christo
1098 5099 1211 5190 putris
1245 5095 1459 5181 abdomini,
1499 5100 1612 5170 nostri
1648 5097 1782 5172 domiui
1816 5091 1971 5187 Gregorii

430 5207 555 5280 diuina
585 5205 817 5300 prouidencia
851 5224 944 5297 pape
975 5203 1177 5277 duodecimi
1209 5223 1302 5276 auno
1336 5203 1504 5291 secundo,
1539 5205 1597 5276 die
1627 5207 1792 5301 biercurij
1825 5206 1985 5279 decima·¹

428 5323 560 5390 octaua
590 5317 707 5386 menis
738 5311 829 5404 Iulij,
860 5309 949 5384 hora
980 5316 1084 5402 quasi
1114 5333 1219 5384 nona.
1273 5311 1502 5384 Prcscntibus
1534 5317 1718 5402 generosis
1753 5322 1789 5387 et
1821 5308 1972 5386 strenuis

430 5422 621 5498 militibus:
668 5419 770 5494 Petro
795 5419 916 5492 Kmitn
940 5419 1178 5506 Graccuiensi,
1203 5420 1329 5493 Iacobo
1347 5419 1555 5510 Syradiensi
1569 5421 1748 5512 palatinis,
1773 5423 1972 5495 'ihomcone

427 5531 622 5605 castellano
661 5525 941 5604 Sandomiriensi
972 5532 1008 5600 et
1044 5527 1188 5600 Polonis
1224 5531 1380 5614 maioris,
1419 5528 1538 5600 Iwone
1576 5528 1726 5601 Cuiauic
1767 5524 1992 5622 capitaneis.
2078 5579 2087 5598 .
