4706 6356
284 703 525 790 liberalitatis
540 703 782 792 adducimus,
810 715 881 800 pro·
899 705 1037 798 quibus
1054 727 1129 782 non
1150 708 1269 782 solum
1300 707 1508 784 deuocionis
1531 715 1569 786 ot
1590 711 1680 787 ildei
1700 717 1850 812 puritas,

298 813 365 889 sed
388 819 426 888 et
445 815 684 887 seruieiorum
707 813 889 906 gratitudo
914 815 1161 908 multipliciter
1192 817 1391 891 intercedit.
1439 819 1664 916 Quapropter
1686 824 1851 905 omnibus

290 927 328 996 et
360 922 527 1012 singulis,
558 927 635 996 tam
664 920 905 1016 presentibus,
936 943 1046 1014 quam
1076 924 1210 998 tuturis
1240 925 1505 1018 significamus,
1540 928 1672 1020 qulbus
1700 933 1851 1027 expedit,

184 1037 187 1044 ’
290 1031 482 1114 uniuersis,
506 1028 604 1122 quod
626 1031 774 1104 attentis
797 1031 1042 1122 inspectisque
1057 1034 1172 1122 gratis
1195 1035 1361 1126 semicle
1386 1090 1394 1106 .
1421 1089 1429 1106 .
1455 1091 1463 1106 .
1487 1035 1631 1129 peudiJs
1654 1037 1851 1130 Vopihonu

293 1137 340 1210 de
360 1137 617 1227 chpsim'eso,
642 1139 758 1210 nostri
778 1135 899 1210 fidelis
923 1135 1151 1232 dilectique
1174 1142 1296 1234 ipsum
1319 1140 1496 1216 hseunus
1520 1143 1625 1217 nobis
1647 1143 1852 1228 exhibuisse

291 1247 530 1338 cognouinrus
553 1250 591 1318 et
618 1249 844 1318 incessanter
867 1243 913 1318 ed
935 1265 1086 1338 presens
1109 1247 1289 1334 exhibere,
1318 1253 1525 1342 seruireque
1548 1254 1585 1324 et
1608 1305 1852 1348 ........

286 1407 504 1436 .......
544 1353 767 1426 eredimus·
757 1373 795 1426 ιιι
827 1352 1005 1438 intutum,
1040 1352 1086 1426 de
1121 1361 1221 1429 certo
1255 1361 1379 1430 nostra
1413 1360 1573 1432 sciencia
1606 1359 1854 1458 baronumque

286 1425 500 1542 nostrorum
521 1459 711 1555 prehabito
735 1461 884 1534 consilio
899 1457 1060 1534 eandem
1075 1463 1199 1536 villam
1216 1484 1259 1538 ac
1272 1465 1511 1538 hereditatem
1535 1471 1697 1540 nostrum
1719 1470 1853 1562 Koppt·

288 1571 404 1654 aiau,
417 1573 443 1657 ¹)
467 1571 507 1644 in
529 1573 626 1644 terra
649 1573 773 1644 nostra
794 1566 1008 1656 Podoiionei,
1043 1573 1082 1642 in
1116 1570 1285 1646 distmctu
1313 1593 1399 1646 sero
1430 1573 1641 1662 Skolleensi,
1673 1577 1713 1648 iu
1742 1576 1853 1655 iiuuio

152 1666 158 1678 '
287 1677 386 1750 dieto
408 1679 548 1752 Zbruce
570 1679 690 1762 sitem,
726 1697 811 1749 cum
833 1679 1003 1750 omnibus
1027 1678 1208 1765 censibus,
1239 1681 1466 1768 utilitatibus,
1497 1682 1744 1774 prouentibns,
1774 1705 1854 1762 vsu·

235 1843 238 1850 ,
286 1785 476 1872 iructibus,
502 1787 652 1880 campis,
675 1787 784 1876 egris,
807 1787 933 1877 pratis,
956 1788 1115 1878 pascuis,
1138 1789 1361 1878 graminetis,
1390 1788 1505 1876 siluis,
1536 1791 1690 1877 mericis,
1725 1809 1844 1867 nemo·

285 1892 398 1978 ribus,
421 1895 611 1984 quercetis,
636 1893 844 1986 melliiieljs,
867 1893 1028 1986 piscinis,
1053 1895 1167 1985 equis,
1191 1895 1408 1968 molendinis
1432 1901 1469 1967 et
1491 1896 1743 1990 emolimentis,
1767 1919 1850 1976 cum

291 2001 461 2074 omnibus
485 2003 601 2076 eciam
625 2001 916 2094 pmprietstibus,
943 2001 1032 2088 iure,
1065 2000 1225 2075 dominio
1248 2006 1286 2075 et
1309 2003 1500 2096 appendiJs
1524 2005 1705 2078 uniuersis
1730 2025 1850 2102 acp.

390 2163 536 2182 .....
572 2111 732 2201 antiquis
763 2105 1011 2202 pmuentibus,
1041 2109 1330 2202 quibuscumque
1353 2115 1530 2185 vocantur
1553 2112 1816 2199 nominibus,

288 2270 777 2296 ...............
801 2214 943 2302 damus,
967 2215 1156 2302 donamus,
1180 2217 1400 2292 mulerimus
1420 2224 1458 2292 et
1471 2219 1647 2310 largimur
1664 2221 1843 2312 Voytlroni

288 2297 432 2402 necnon
454 2327 570 2421 ipsius
593 2324 717 2398 liberis
749 2327 786 2396 et
807 2323 1080 2396 suecessoribus
1110 2325 1301 2416 legittimis
1323 2325 1695 2414 libere,horedita1ie
1717 2329 1757 2401 in
1778 2349 1852 2424 per·

254 2522 260 2530 ¹
295 2442 448 2531 potuum
462 2432 667 2519 tenendam,
690 2429 907 2516 habendam,
931 2431 1198 2524 possidendam,
1214 2435 1471 2520 vtiimondam,
1490 2455 1561 2508 uon
1578 2437 1657 2510 sine
1675 2455 1851 2512 consensu

283 2547 327 2616 et
355 2543 542 2616 voluntsts
571 2542 705 2614 nostris
735 2537 974 2624 vendendam,
1005 2537 1247 2630 obligandum.
1279 2541 1584 2628 commutandam,
1612 2543 1847 2618 alienandam

292 2657 330 2724 et
353 2641 412 2724 ad
432 2671 523 2723 rsus
547 2648 794 2744 beneplacitos
825 2645 1121 2721 conuertendam:
1151 2649 1265 2721 saluis
1292 2654 1417 2722 tanen
1448 2649 1589 2724 iuribus
1618 2653 1655 2724 et
1685 2653 1852 2746 semicijs

296 2753 430 2832 uostris
466 2777 533 2851 per
565 2761 706 2850 ceteros
739 2755 941 2846 terrigenas
973 2759 1115 2828 nostros
1149 2760 1245 2830 terre
1282 2757 1425 2830 Podolie
1461 2777 1505 2831 ae
1534 2777 1660 2832 eorum
1688 2759 1851 2832 homines

292 2867 398 2943 nobie
421 2865 581 2938 exhiberi
605 2865 798 2949 consuetis,
823 2883 894 2955 que
917 2863 1033 2936 eciam
1053 2865 1133 2957 ipae
1151 2863 1294 2956 Voptko
1310 2869 1348 2938 et
1364 2885 1594 2939 successores
1616 2867 1731 2959 ipsius
1753 2867 1852 2958 legit»

152 3031 154 3034 .
294 2976 375 3048 timi
400 2993 560 3048 vnaoum
581 2971 789 3046 hominibus
811 2973 974 3064 ipsorum
1004 2971 1208 3044 celsitudini
1239 2977 1361 3046 nostre
1382 2979 1555 3066 prestere,
1587 2972 1796 3068 impendere
1818 2979 1852 3048 ot

297 3084 419 3157 iecere
449 3080 679 3155 tenebuntur.
725 3079 802 3152 Hoc
836 3079 951 3152 eciam
986 3080 1190 3172 specialiter
1224 3100 1402 3175 expresso,
1438 3081 1535 3172 quod
1565 3079 1663 3155 idem
1696 3081 1849 3174 Voytko,

292 3193 409 3285 ipsius
437 3189 541 3262 liberi
569 3191 606 3260 et
629 3206 857 3260 successores
889 3185 1058 3278 legittimi
1082 3207 1166 3260 cum
1187 3207 1263 3260 vna
1291 3187 1400 3262 hasta
1429 3195 1466 3260 et
1489 3188 1630 3262 duobus
1651 3191 1850 3284 sagittariis

296 3303 333 3372 et
356 3299 439 3392 alijs
462 3299 625 3392 ipsorum
653 3294 861 3368 hominibus
890 3294 995 3368 nobis
1019 3299 1056 3366 et
1077 3297 1211 3368 uostris
1241 3296 1511 3370 successoribus
1534 3297 1671 3370 seruire
1695 3297 1852 3371 totaliter

293 3409 369 3480 sint
393 3407 532 3479 astricti
555 3403 603 3476 ad
627 3402 906 3497 expedicionem,
930 3401 1018 3475 dum
1041 3401 1151 3475 inerit
1173 3407 1401 3496 oportunum.
1448 3405 1583 3478 ilerum
1600 3403 1732 3496 quibus
1755 3405 1851 3496 sigil-

288 3506 373 3594 lum
401 3517 566 3588 nostrum
590 3531 791 3606 appensum
820 3514 876 3584 est
909 3511 1115 3583 testimonio
1147 3510 1343 3586 literarum.
1389 3515 1524 3586 Actum
1558 3513 1598 3586 iu
1627 3515 1734 3586 Bceee
1764 3512 1851 3586 ieris

290 3615 409 3697 toreis
449 3619 546 3696 inire
568 3625 725 3694 ,octauas
749 3617 920 3692 Omnium
943 3617 1179 3706 senmurum,
1215 3638 1308 3692 anno
1338 3619 1484 3693 Domini
1517 3621 1708 3694 millesimo
1742 3619 1850 3694 0000

289 3733 415 3806 tercio.
461 3727 711 3802 Presentibus:
735 3727 892 3818 Sbigneo
916 3721 960 3798 'de
983 3726 1125 3798 Brsaeie
1148 3727 1344 3800 mursaalco
1368 3730 1466 3800 curie
1489 3732 1621 3814 nostre,
1646 3727 1850 3801 (iuewosslo

294 3841 343 3914 de
366 3840 542 3912 Dciouiez
564 3827 739 3928 magistro
763 3837 861 3908 curie
884 3835 1009 3926 regine
1039 3836 1214 3908 consortis
1243 3839 1366 3908 nostre
1400 3839 1437 3909 et
1470 3837 1734 3908 suecemerario
1770 3835 1848 3908 Ora·

289 3949 467 4032 corbiensi,
500 3945 683 4018 Clemente
720 3941 765 4016 de
802 3945 904 4016 Most
926 3995 934 4011 .
958 3995 967 4014 .
992 3995 1035 4014 ..

287 4053 460 4149 Manzyk,
482 4055 657 4148 piucema
678 4055 811 4136 nostro,
835 4049 1022 4136 militibus,
1045 4049 1220 4122 Nemeraa
1240 4049 1285 4122 de
1308 4053 1440 4136 Gumis,
1465 4049 1654 4124 Zindremo
1676 4049 1849 4142 gladiiero

146 4243 152 4252 ,
284 4161 586 4254 οιιιοοιιιιιιειζθι
610 4161 693 4252 aiijs
716 4179 825 4253 quam
849 4158 1015 4254 plurimis
1038 4159 1171 4230 nostris
1193 4156 1364 4231 iideiibus
1387 4158 1594 4250 iidedignis.
1629 4158 1764 4231 Detum
1787 4175 1849 4251 per

286 4293 427 4348 manus
466 4269 686 4344 honorabilis
731 4267 869 4341 Nicolui
906 4267 1154 4339 Cracouiensis
1196 4272 1233 4338 et
1275 4265 1575 4340 Sandomiriensis
1619 4267 1848 4339 eeclesiarum

282 4383 467 4456 eunomoc
480 4383 526 4467 (s)
531 4376 745 4471 {preposito
777 4377 895 4449 seneti
926 4375 1082 4448 Floriani
1111 4393 1252 4446 necnon
1279 4374 1362 4447 aule
1394 4379 1516 4447 nostre
1548 4373 1847 4448 vicecoucellario.

283 4491 466 4564 volentes
505 4487 631 4571 eciam,
672 4490 713 4556 vt
742 4484 839 4558 idem
881 4481 1024 4576 Voytko
1066 4502 1209 4576 semper
1236 4484 1275 4555 in
1309 4486 1405 4556 terre
1438 4481 1581 4556 Podolie
1615 4481 1847 4556 residentiam

278 4599 429 4677 hebeat
449 4594 676 4690 personalem
699 4597 736 4666 et
757 4595 815 4666 sui
838 4589 999 4664 heredes.

297 4791 304 4799 ’
437 4793 634 4852 'Dolumeut
659 4791 881 4866 pergaminosrp,
908 4787 1014 4847 herdae
1041 4789 1215 4860 anismacny,
1244 4785 1446 4861 pneebownuy
1477 4805 1504 4845 rr
1535 4787 1689 4845 crebitrum
1721 4779 1848 4862 kapitaiy

281 4883 537 4962 metropolitains}
555 4880 780 4957 gnieinieriskiei
800 4881 865 4952 (Νι.
883 4880 960 4952 282).
998 4876 1112 4948 Pieecpd
1131 4895 1204 4934 orrea
1221 4895 1238 4934 a
1256 4877 1417 4935 sanurkiam
1435 4875 1593 4937 odonam

462 5067 484 5137 ¹)
503 5061 584 5123 wisi
601 5060 759 5135 loppiaiea
775 5058 836 5122 dati
854 5059 903 5120 nie
921 5057 1041 5134 isicisjs.

1071 3942 1266 4014 castellano
1301 3942 1528 4034 Vpsiieiensi,
1562 3943 1720 4017 iohanne
1756 3943 1849 4015 dicto
1956 3964 1960 3969 ·

2026 759 2098 892 so,
2131 668 2314 871 moscii¹

2191 876 2318 1105 ni

2029 1137 2255 1232 quamndsrn
2278 1130 2321 1216 vi
2350 1159 2351 1196 ³

2029 1247 2121 1320 uicis
2145 1250 2182 1318 et
2203 1240 2351 1320 sicsrl

2190 1514 2233 1589 in
2260 1387 2351 1636 uui}

2032 1643 2149 1711 omer»
2192 1621 2251 1708 Ad
2284 1595 2351 1722 pi}

2030 1738 2157 1806 sancte
2180 1736 2351 1806 meteri

2031 1857 2218 1914 recurrens
2241 1839 2351 1940 print

2032 1965 2190 2032 sumens,
2212 1943 2351 2018 vnde.
2326 1997 2351 2053 .,

1947 2130 1951 2133 ,,
2032 2053 2161 2139 trahit
2176 2056 2351 2178 ιιιιοιιιει

2033 2181 2101 2234 nus
2133 2165 2297 2234 noser
2287 2134 2339 2340 .ι

1947 2322 1949 2325 .
2034 2269 2149 2342 diuini
2172 2269 2304 2342 amoris
2330 2299 2351 2376 ι

1948 2437 1951 2442 ,
2038 2377 2260 2470 cupientes,
2252 2379 2308 2447 ·vt
2330 2361 2351 2477 ἰ

2017 2483 2102 2556 ‘Dei
2123 2483 2248 2574 gracia
2270 2482 2344 2587 Ροι

2033 2597 2092 2665 tus
2115 2594 2351 2682 augmento

2035 2698 2121 2772 iidei
2144 2697 2346 2772 domesti
2345 2764 2348 2777 ,

2036 2808 2225 2880 canonicos
2269 2817 2311 2878 eo

2036 2915 2144 2987 exiles
2168 2915 2320 3000 ιιιιιιιιιι,

2036 3023 2184 3096 minime
2214 3020 2333 3096 reside

2038 3183 2214 3204 ......
2238 3131 2340 3204 nali

2036 3240 2073 3314 in
2096 3237 2223 3312 eadem
2246 3237 2330 3312 ·Do·

2042 3777 2300 3865 desendebant,

2041 3888 2242 3978 pmuisioue
2267 3907 2351 3959 man

2044 3995 2129 4068 caiis
2153 3995 2198 4068 de
2221 3993 2351 4067 decimi

2046 4104 2332 4189 consistencium,

2045 4211 2184 4299 bucco,
2218 4212 2351 4294 noum,

2046 4321 2213 4408 mimenni
2236 4319 2341 4404 surb,

2048 4426 2256 4512 labienowo,
2286 4428 2351 4498 Mu

2050 4659 2171 4715 earum
2194 4643 2351 4737 possessi

2052 4767 2092 4820 ac
2125 4754 2250 4824 nostra
2281 4753 2318 4822 et
2350 4807 2351 4818 ι

2051 4856 2293 4949 tradimusque
2315 4859 2351 4930 in

1960 5020 1961 5023 η
2053 4965 2322 5039 cottidianarum
2345 4988 2351 5034 ι

2054 5073 2198 5146 ecclesie
2221 5079 2341 5147 nostre

2053 5179 2107 5254 uis
2131 5179 2351 5253 distribuetur

2059 5291 2095 5356 vt
2127 5287 2299 5361 'uidelicet
2334 5292 2351 5360 t

2057 5395 2245 5468 cuiuslibet
2280 5399 2351 5488 cepi
