4720 6360
1863 553 1970 664 'te'e¹

424 779 486 880 „gt
516 781 552 852 st
582 769 709 860 viginti
745 767 826 862 alijs
858 769 1030 862 personis,
1067 789 1130 860 per
1160 789 1225 840 vos
1265 759 1448 860 eligendis,
1486 759 1636 840 candem
1671 765 1948 858 indulgenciam,

423 910 517 996 quam
538 879 697 976 prelatus
722 877 888 948 dominus
912 881 1033 948 noster·
1054 876 1269 948 Alioxander
1291 897 1386 969 papa
1409 879 1555 968 quintus
1577 897 1692 968 nuper
1715 877 1795 960 illia,
1827 877 1889 966 qui
1912 877 1949 946 in

366 1077 370 1084 .
423 994 556 1082 concilio
587 985 743 1076 generali
778 983 918 1074 Pysano
952 983 1106 1068 luerunt,
1143 1005 1361 1070 concessam,
1395 983 1560 1056 videlicet
1593 989 1634 1056 vt
1667 985 1851 1056 conlessor
1884 1003 1950 1054 seu

423 1105 639 1186 comessores,
664 1111 772 1183 quem
795 1111 860 1162 vos
884 1095 920 1162 et
943 1091 1099 1181 quelibet
1123 1090 1300 1164 dictarum
1316 1094 1444 1182 viginti
1460 1111 1704 1183 personarum,
1727 1113 1792 1186 por
1814 1111 1879 1162 ros
1903 1091 1950 1161 ad

423 1226 478 1296 poc
504 1199 757 1294 eligendemm,
798 1197 968 1270 duxeritis
1004 1219 1068 1270 scu
1107 1198 1247 1270 duxerit
1278 1199 1492 1290 eligendum,
1528 1202 1690 1271 omnium
1722 1203 1950 1291 pcccatorum

422 1327 604 1396 castrorum
630 1312 847 1390 etsuorum,
871 1305 1069 1396 dequibus
1094 1305 1199 1378 corde
1230 1308 1371 1378 contriti
1403 1311 1439 1379 et
1469 1327 1529 1378 ore
1560 1305 1715 1377 conlessi
1745 1305 1887 1378 fueritis
1915 1311 1951 1376 et

423 1423 551 1506 rurant,
575 1413 668 1487 inira
692 1412 782 1486 duos
807 1433 949 1486 menses
974 1435 995 1485 a
1018 1413 1103 1487 data
1124 1416 1351 1506 presencium
1375 1414 1553 1486 aiiuturos
1569 1415 1681 1486 semel
1705 1419 1742 1485 et
1764 1418 1890 1506 postea
1913 1415 1951 1484 in

423 1530 533 1611 mortis
569 1521 715 1594 articulo
749 1524 863 1594 eciam
896 1521 1007 1592 semel
1042 1523 1187 1614 plenam
1219 1524 1466 1594 remissionem
1506 1524 1716 1594 auctoritate
1756 1521 1952 1613 apostolica

421 1631 600 1717 comedere
622 1629 776 1715 valeant,
800 1633 922 1701 tenore
946 1631 1171 1720 presencium
1194 1627 1438 1718 indulgemus.
1486 1629 1561 1718 Que
1592 1631 1712 1700 omniu
1743 1633 1778 1700 et
1808 1628 1952 1718 singula

421 1746 510 1820 robis
531 1737 674 1812 domino
698 1738 774 1826 regi
798 1743 835 1807 et
858 1737 939 1827 aiijs
963 1736 1248 1826 quibuscumque
1271 1739 1492 1822 intimamus,
1522 1740 1750 1808 insinuamus
1774 1739 1810 1806 ct
1834 1733 1950 1806 notifi-

421 1867 534 1929 cemus
557 1850 592 1916 et
616 1841 662 1916 ad
684 1849 843 1915 vestram
867 1847 904 1915 et
926 1843 1117 1915 cuiuslibet
1139 1850 1301 1916 vestmm
1330 1846 1500 1916 noticiam
1525 1844 1737 1916 deducimus
1762 1847 1798 1914 et
1821 1841 1957 1914 deduci

366 1949 369 1956 ’
420 1959 572 2032 colurnus
596 1971 659 2044 per
682 1957 875 2042 presentes.
922 1952 962 2022 in
986 1971 1138 2042 quorum
1162 1953 1322 2022 omnium
1347 1956 1383 2023 ct
1406 1953 1629 2040 singulomm
1658 1949 1770 2022 lidum
1794 1955 1831 2021 et
1853 1953 1952 2020 testi·

421 2067 568 2142 monium
595 2063 852 2152 premissorum
886 2063 1071 2151 presentes
1109 2060 1246 2130 litteras
1284 2064 1404 2130 nostro
1440 2059 1556 2149 sigillo
1592 2062 1762 2130 consueto
1797 2054 1951 2130 lecimus

420 2169 629 2247 communiri.
676 2165 810 2238 Datum
843 2171 1029 2237 eiectum
1062 2165 1232 2238 Cracouie
1262 2185 1355 2238 anno
1387 2165 1531 2238 Domini
1562 2165 1751 2236 millesimo
1786 2164 1952 2255 quadrin-

420 2277 607 2371 gentesimo
631 2273 780 2358 decimo,
816 2273 1014 2345 indiccione
1048 2275 1170 2356 tercia,
1205 2273 1293 2345 bora
1324 2275 1517 2346 terciarum
1540 2273 1598 2344 vel
1622 2275 1736 2364 quasi,
1770 2275 1808 2344 in
1845 2271 1952 2344 domo

420 2389 529 2460 nosue
568 2379 814 2466 habitacionis,
861 2379 919 2452 die
957 2381 1156 2474 penultima
1198 2383 1332 2452 mensis
1368 2382 1513 2474 Aprilis,
1550 2381 1783 2473 pontificatus
1821 2379 1954 2472 prelati

419 2490 626 2566 sanctissimi
649 2491 688 2560 in
711 2487 851 2560 Christo
875 2488 1011 2560 doriini
1033 2491 1158 2574 nostri,
1189 2487 1324 2560 domini
1353 2488 1559 2560 Allexandri
1584 2508 1677 2561 anno
1700 2489 1825 2580 primo.
1872 2487 1953 2558 Pre-

419 2598 571 2672 seniibus
593 2595 726 2668 ibidem
756 2595 1022 2668 honorabilibus
1049 2598 1146 2682 viris,
1179 2595 1332 2668 dominis
1362 2595 1518 2669 Iohanne
1551 2595 1699 2668 custode
1722 2601 1759 2668 et
1782 2598 1953 2667 canonico

419 2706 635 2780 tbaoouiensi
659 2708 695 2776 ct
717 2703 889 2775 Michaeie
912 2704 1099 2776 scolastico
1124 2689 1343 2788 cremensi,
1359 2703 1510 2776 testibus
1534 2702 1581 2776 ad
1602 2705 1789 2798 premissa.

568 2899 735 2960 Dokument
765 2901 984 2976 pergaminorry,
999 2859 1003 2866 ¹
1016 2899 1121 2958 bardro
1147 2901 1321 2974 mbzcroay,
1355 2899 1557 2976 pneeborrany
1585 2918 1610 2957 rr
1637 2899 1793 2958 archivium
1820 2898 1953 2973 kapituly

418 2989 643 3066 nebopobtaluei
672 2989 893 3064 gniainieriskiei
913 2989 963 3062 (N.
981 2992 1056 3062 318),
1084 2997 1237 3065 opatrzouy
1256 2989 1306 3063 byl
1330 2991 1494 3065 piernotnio
1520 2989 1605 3060 jedna
1627 2990 1774 3064 piecrpcia,
1801 3007 1839 3064 po
1857 2987 1951 3060 ktorei

418 3081 491 3154 tyiko
507 3079 624 3138 smumk
642 3098 657 3136 ι
676 3081 820 3154 roiowego
838 3081 847 3136 i
866 3095 1002 3154 caarnego
1018 3079 1159 3150 iadaabiu
1178 3079 1330 3154 potestat.¹

417 3497 486 3566 162.
533 3493 714 3609 ¹4¹⁰2ffl⁰
738 3499 792 3568 io.
817 3494 953 3566 mensis
975 3493 1071 3579 Maii,
1094 3495 1133 3566 in
1156 3496 1346 3584 Gliaioap.

365 3753 371 3761 .
570 3690 789 3764 Vssedislaus
820 3691 860 3763 Π.·
896 3689 959 3764 rex'
989 3689 1155 3765 Potoniae
1189 3691 1313 3764 Ioanni
1345 3690 1390 3764 da
1422 3693 1615 3764 Kotiaeion
1650 3691 1705 3765 CC
1738 3711 1879 3764 mareas
1915 3653 1991 3764 ln

416 3796 496 3869 ailla
516 3800 669 3872 Macerio
691 3799 864 3872 inscribit.
1905 3814 1909 3821 '

446 4017 452 4028 ·
532 4026 537 4033 ·
570 3995 775 4069 vladislaus
798 3995 865 4068 Dei
888 3998 1011 4086 gructa
1032 4017 1093 4068 rer
1116 3995 1270 4082 Polonie,
1293 3995 1553 4088 lithuanieque
1575 4000 1742 4090 princeps
1764 4017 1955 4089 supremus

418 4104 452 4170 et
466 4099 567 4176 lieres
582 4103 711 4177 Russie
729 4109 795 4176 etc.
821 4103 1071 4194 significamus
1086 4109 1208 4176 tenore
1228 4107 1467 4197 presencium,
1491 4105 1622 4196 quibus
1638 4104 1790 4197 expedit,
1813 4107 1955 4178 vuluer-

417 4208 473 4294 sis,
495 4214 719 4304 presencium
742 4213 913 4284 noticiam
936 4211 1123 4296 habituris,
1148 4211 1324 4304 quomodo
1349 4211 1575 4285 attendentes
1597 4210 1687 4285 lidei
1710 4216 1955 4286 constanciam

407 4321 676 4411 constantisque
699 4317 885 4392 fidelitatis
907 4311 1047 4404 merita
1071 4319 1201 4410 quibus
1224 4318 1354 4392 nobilis
1373 4319 1549 4392 Iohannes
1572 4318 1618 4391 do
1640 4323 1843 4404 Kotiaeion,
1867 4319 1955 4393 lide·

418 4418 458 4492 lis
478 4431 598 4499 noster
620 4425 782 4512 dilect-us,
807 4426 910 4499 nobis
934 4418 1150 4519 complacuit
1166 4431 1202 4498 et
1224 4425 1540 4500 aucto'iideiitatis
1568 4426 1687 4499 studio
1710 4431 1750 4500 in
1771 4433 1956 4521 posterum

418 4535 632 4616 embracius
660 4537 791 4626 poterit
820 4535 1051 4626 complacere,
1083 4533 1211 4606 horum
1241 4536 1374 4607 intuitu
1404 4537 1613 4608 meritomm
1643 4537 1764 4628 ipsum
1793 4535 1955 4608 volentes

169 4613 214 4660 “’
352 4668 355 4675 ·
418 4641 612 4712 nostrarum
635 4643 839 4731 graciarum
862 4642 1009 4734 speciali
1033 4644 1261 4734 prerogatiua
1283 4643 1470 4734 preuenim
1494 4645 1558 4730 (et)
1582 4639 1629 4713 ad
1656 4647 1781 4726 nostra
1802 4645 1956 4716 senricia

418 4747 577 4820 continuo
598 4747 745 4820 reddere
768 4749 1039 4840 prompciorem,
1061 4751 1100 4820 in
1124 4753 1160 4820 oi
1183 4770 1292 4842 super
1312 4749 1400 4822 villa
1416 4755 1538 4822 nostra
1552 4751 1743 4848 Maceowp
1767 4754 1803 4822 et
1826 4749 1955 4822 allodio

418 4843 506 4924 dicta
528 4855 620 4941 ville,
655 4858 693 4928 in
727 4855 893 4928 districtu
922 4855 1132 4928 Kaliseiensi
1164 4858 1255 4942 sitis,
1288 4857 1358 4930 sibi
1388 4855 1732 4940 ducentasmarcas
1755 4861 1897 4931 numeri
1920 4863 1958 4930 et

417 4957 577 5044 ponderis
601 4961 865 5049 Polonicalium,
890 4963 1028 5036 scilicet
1050 4963 1290 5054 quadraginta
1311 4970 1391 5038 octo
1415 4983 1559 5056 grossos
1582 4966 1622 5036 in
1645 4963 1842 5057 quamlibet
1866 4986 1956 5038 niar-

418 5080 493 5138 eam
527 5069 775 5164 computando,
812 5077 956 5144 centum
992 5070 1159 5143 videlicet
1200 5076 1238 5144 et
1269 5073 1531 5164 qulnquaginta
1563 5092 1714 5157 marces,
1748 5073 1878 5164 quibus
1911 5073 1957 5146 de

418 5179 533 5249 nostra
554 5178 737 5250 voluntate
767 5184 805 5251 et
834 5198 1012 5251 consensu
1034 5178 1241 5272 predictam
1264 5179 1389 5252 villam
1423 5185 1460 5253 et
1492 5181 1570 5251 eius
1599 5179 1769 5252 allodium
1793 5179 1956 5268 redemit,

417 5280 452 5348 a
471 5287 728 5378 quinquaginta
759 5307 899 5358 mareas
930 5289 1074 5359 melone
1105 5289 1219 5378 ipsius
1252 5287 1416 5360 fidelium
1446 5286 1698 5378 obsequiorum
1717 5287 1846 5361 denuo
1870 5293 1957 5362 assi·

417 5393 603 5472 unanimus
632 5397 793 5485 graciose
818 5401 854 5468 et
876 5399 997 5468 tenore
1020 5397 1247 5488 presencium
1270 5395 1450 5468 mediante
1466 5399 1504 5467 in
1519 5395 1605 5468 viiia
1628 5400 1665 5468 et
1688 5394 1816 5468 allodio
1833 5417 1957 5492 supra·

418 5488 517 5570 dicits
545 5500 730 5589 donamus,
764 5501 903 5587 danius,
938 5501 1155 5593 conterimus
1179 5508 1215 5576 et
1245 5504 1487 5578 asscribimus.
1534 5502 1798 5596 Quamquidem
1832 5505 1957 5578 villam

1756 5629 1797 5692 22
