<?xml version="1.0" encoding="UTF-8"?>
<!DOCTYPE html PUBLIC "-//W3C//DTD XHTML 1.0 Transitional//EN"
    "http://www.w3.org/TR/xhtml1/DTD/xhtml1-transitional.dtd">
<html xmlns="http://www.w3.org/1999/xhtml" xml:lang="en" lang="en">
 <head>
  <title>
</title>
<meta http-equiv="Content-Type" content="text/html;charset=utf-8" />
  <meta name='ocr-system' content='tesseract 3.04.00' />
  <meta name='ocr-capabilities' content='ocr_page ocr_carea ocr_par ocr_line ocrx_word'/>
</head>
<body>
  <div class='ocr_page' id='page_1' title='image "./codexdiplomatic06zakrgoog_0160.png"; bbox 0 0 4734 6356; ppageno 0'>
   <div class='ocr_carea' id='block_1_1' title="bbox 280 511 304 585">
    <p class='ocr_par' dir='ltr' id='par_1_1' title="bbox 280 511 304 585">
     <span class='ocr_line' id='line_1_1' title="bbox 280 511 304 585; baseline 0 0"><span class='ocrx_word' id='word_1_1' title='bbox 280 511 304 585; x_wconf 83' lang='lat' dir='ltr'>d</span> 
     </span>
    </p>
   </div>
   <div class='ocr_carea' id='block_1_2' title="bbox 251 709 1826 2312">
    <p class='ocr_par' dir='ltr' id='par_1_2' title="bbox 251 709 1826 2312">
     <span class='ocr_line' id='line_1_2' title="bbox 294 709 1821 804; baseline 0.001 -23"><span class='ocrx_word' id='word_1_2' title='bbox 294 729 454 782; x_wconf 79' lang='lat' dir='ltr'>romeam</span> <span class='ocrx_word' id='word_1_3' title='bbox 489 712 527 782; x_wconf 93' lang='lat' dir='ltr'>et</span> <span class='ocrx_word' id='word_1_4' title='bbox 554 709 729 782; x_wconf 88' lang='lat' dir='ltr'>scultetus</span> <span class='ocrx_word' id='word_1_5' title='bbox 765 711 939 783; x_wconf 89' lang='lat' dir='ltr'>lertoncm</span> <span class='ocrx_word' id='word_1_6' title='bbox 969 712 1069 782; x_wconf 76' lang='lat' dir='ltr'>irrata</span> <span class='ocrx_word' id='word_1_7' title='bbox 1109 711 1295 804; x_wconf 89' lang='lat' dir='ltr'>opcioncm</span> <span class='ocrx_word' id='word_1_8' title='bbox 1332 715 1491 784; x_wconf 89' lang='lat' dir='ltr'>nostram</span> <span class='ocrx_word' id='word_1_9' title='bbox 1534 711 1637 788; x_wconf 85' lang='lat' dir='ltr'>nobis</span> <span class='ocrx_word' id='word_1_10' title='bbox 1671 709 1821 784; x_wconf 85' lang='lat' dir='ltr'>soluent</span> 
     </span>
     <span class='ocr_line' id='line_1_3' title="bbox 285 816 1823 912; baseline 0.002 -24"><span class='ocrx_word' id='word_1_11' title='bbox 285 816 519 890; x_wconf 89' lang='lat' dir='ltr'>Honorubunt</span> <span class='ocrx_word' id='word_1_12' title='bbox 554 837 620 889; x_wconf 92' lang='lat' dir='ltr'>nos</span> <span class='ocrx_word' id='word_1_13' title='bbox 655 819 785 912; x_wconf 87' lang='lat' dir='ltr'>prolati</span> <span class='ocrx_word' id='word_1_14' title='bbox 816 817 1029 891; x_wconf 86' lang='lat' dir='ltr'>hmcthonos</span> <span class='ocrx_word' id='word_1_15' title='bbox 1065 819 1101 890; x_wconf 95' lang='lat' dir='ltr'>ln</span> <span class='ocrx_word' id='word_1_16' title='bbox 1130 817 1222 890; x_wconf 89' lang='lat' dir='ltr'>lesto</span> <span class='ocrx_word' id='word_1_17' title='bbox 1253 817 1459 890; x_wconf 78' lang='lat' dir='ltr'>Natiuitatis</span> <span class='ocrx_word' id='word_1_18' title='bbox 1482 818 1587 892; x_wconf 82' lang='lat' dir='ltr'>Cristi</span> <span class='ocrx_word' id='word_1_19' title='bbox 1618 837 1687 891; x_wconf 85' lang='lat' dir='ltr'>vno</span> <span class='ocrx_word' id='word_1_20' title='bbox 1715 838 1823 912; x_wconf 90' lang='lat' dir='ltr'>porco</span> 
     </span>
     <span class='ocr_line' id='line_1_4' title="bbox 284 925 1823 1018; baseline 0 -20"><span class='ocrx_word' id='word_1_21' title='bbox 284 925 343 998; x_wconf 86' lang='lat' dir='ltr'>vel</span> <span class='ocrx_word' id='word_1_22' title='bbox 366 929 446 998; x_wconf 92' lang='lat' dir='ltr'>octo</span> <span class='ocrx_word' id='word_1_23' title='bbox 469 926 581 997; x_wconf 89' lang='lat' dir='ltr'>scotis</span> <span class='ocrx_word' id='word_1_24' title='bbox 603 945 668 1018; x_wconf 91' lang='lat' dir='ltr'>pro</span> <span class='ocrx_word' id='word_1_25' title='bbox 692 925 835 1012; x_wconf 90' lang='lat' dir='ltr'>eodom;</span> <span class='ocrx_word' id='word_1_26' title='bbox 860 929 896 999; x_wconf 92' lang='lat' dir='ltr'>in</span> <span class='ocrx_word' id='word_1_27' title='bbox 920 927 1012 1000; x_wconf 81' lang='lat' dir='ltr'>festo</span> <span class='ocrx_word' id='word_1_28' title='bbox 1037 925 1141 998; x_wconf 89' lang='lat' dir='ltr'>beate</span> <span class='ocrx_word' id='word_1_29' title='bbox 1164 926 1332 1016; x_wconf 83' lang='lat' dir='ltr'>Virginis,</span> <span class='ocrx_word' id='word_1_30' title='bbox 1361 926 1527 999; x_wconf 76' lang='lat' dir='ltr'>uidelicet</span> <span class='ocrx_word' id='word_1_31' title='bbox 1549 927 1755 1000; x_wconf 70' lang='lat' dir='ltr'>Natiuitatis</span> <span class='ocrx_word' id='word_1_32' title='bbox 1777 925 1823 999; x_wconf 91' lang='lat' dir='ltr'>de</span> 
     </span>
     <span class='ocr_line' id='line_1_5' title="bbox 285 1031 1822 1128; baseline 0.001 -22"><span class='ocrx_word' id='word_1_33' title='bbox 285 1031 446 1124; x_wconf 80' lang='lat' dir='ltr'>quolibet</span> <span class='ocrx_word' id='word_1_34' title='bbox 460 1051 586 1106; x_wconf 89' lang='lat' dir='ltr'>manso</span> <span class='ocrx_word' id='word_1_35' title='bbox 609 1054 675 1126; x_wconf 90' lang='lat' dir='ltr'>per</span> <span class='ocrx_word' id='word_1_36' title='bbox 697 1033 786 1106; x_wconf 92' lang='lat' dir='ltr'>duos</span> <span class='ocrx_word' id='word_1_37' title='bbox 809 1035 937 1128; x_wconf 91' lang='lat' dir='ltr'>pullos,</span> <span class='ocrx_word' id='word_1_38' title='bbox 961 1037 998 1106; x_wconf 93' lang='lat' dir='ltr'>in</span> <span class='ocrx_word' id='word_1_39' title='bbox 1022 1034 1114 1106; x_wconf 87' lang='lat' dir='ltr'>lesio</span> <span class='ocrx_word' id='word_1_40' title='bbox 1138 1033 1274 1106; x_wconf 79' lang='lat' dir='ltr'>Pascha</span> <span class='ocrx_word' id='word_1_41' title='bbox 1297 1036 1445 1124; x_wconf 80' lang='lat' dir='ltr'>triginta</span> <span class='ocrx_word' id='word_1_42' title='bbox 1466 1055 1550 1120; x_wconf 90' lang='lat' dir='ltr'>ona;</span> <span class='ocrx_word' id='word_1_43' title='bbox 1577 1034 1716 1108; x_wconf 89' lang='lat' dir='ltr'>labores</span> <span class='ocrx_word' id='word_1_44' title='bbox 1739 1053 1822 1108; x_wconf 82' lang='lat' dir='ltr'>uem</span> 
     </span>
     <span class='ocr_line' id='line_1_6' title="bbox 288 1141 1823 1236; baseline 0.001 -24"><span class='ocrx_word' id='word_1_45' title='bbox 288 1146 397 1236; x_wconf 87' lang='lat' dir='ltr'>prout</span> <span class='ocrx_word' id='word_1_46' title='bbox 420 1143 536 1212; x_wconf 87' lang='lat' dir='ltr'>cetere</span> <span class='ocrx_word' id='word_1_47' title='bbox 559 1141 644 1213; x_wconf 79' lang='lat' dir='ltr'>ville</span> <span class='ocrx_word' id='word_1_48' title='bbox 666 1146 796 1230; x_wconf 91' lang='lat' dir='ltr'>nostre,</span> <span class='ocrx_word' id='word_1_49' title='bbox 826 1143 1003 1216; x_wconf 82' lang='lat' dir='ltr'>consimili</span> <span class='ocrx_word' id='word_1_50' title='bbox 1033 1143 1109 1215; x_wconf 89' lang='lat' dir='ltr'>inre</span> <span class='ocrx_word' id='word_1_51' title='bbox 1138 1143 1255 1214; x_wconf 89' lang='lat' dir='ltr'>locate</span> <span class='ocrx_word' id='word_1_52' title='bbox 1278 1142 1501 1216; x_wconf 85' lang='lat' dir='ltr'>exercebunt.</span> <span class='ocrx_word' id='word_1_53' title='bbox 1547 1143 1709 1214; x_wconf 88' lang='lat' dir='ltr'>Preterea</span> <span class='ocrx_word' id='word_1_54' title='bbox 1732 1142 1823 1215; x_wconf 87' lang='lat' dir='ltr'>seul·</span> 
     </span>
     <span class='ocr_line' id='line_1_7' title="bbox 286 1247 1825 1342; baseline 0.001 -22"><span class='ocrx_word' id='word_1_55' title='bbox 286 1250 352 1320; x_wconf 89' lang='lat' dir='ltr'>teti</span> <span class='ocrx_word' id='word_1_56' title='bbox 374 1247 549 1340; x_wconf 80' lang='lat' dir='ltr'>sepedicti</span> <span class='ocrx_word' id='word_1_57' title='bbox 572 1251 732 1322; x_wconf 89' lang='lat' dir='ltr'>semient</span> <span class='ocrx_word' id='word_1_58' title='bbox 762 1250 865 1324; x_wconf 91' lang='lat' dir='ltr'>nobis</span> <span class='ocrx_word' id='word_1_59' title='bbox 897 1253 933 1322; x_wconf 89' lang='lat' dir='ltr'>et</span> <span class='ocrx_word' id='word_1_60' title='bbox 965 1269 1088 1322; x_wconf 87' lang='lat' dir='ltr'>comm</span> <span class='ocrx_word' id='word_1_61' title='bbox 1122 1249 1276 1340; x_wconf 83' lang='lat' dir='ltr'>legitimi</span> <span class='ocrx_word' id='word_1_62' title='bbox 1301 1270 1474 1341; x_wconf 82' lang='lat' dir='ltr'>sequaces</span> <span class='ocrx_word' id='word_1_63' title='bbox 1504 1253 1541 1324; x_wconf 93' lang='lat' dir='ltr'>in</span> <span class='ocrx_word' id='word_1_64' title='bbox 1570 1270 1660 1342; x_wconf 85' lang='lat' dir='ltr'>equo</span> <span class='ocrx_word' id='word_1_65' title='bbox 1674 1249 1825 1322; x_wconf 84' lang='lat' dir='ltr'>&#39;valente</span> 
     </span>
     <span class='ocr_line' id='line_1_8' title="bbox 251 1349 1824 1450; baseline 0.001 -21"><span class='ocrx_word' id='word_1_66' title='bbox 251 1349 252 1354; x_wconf 55' lang='lat'>‘</span> <span class='ocrx_word' id='word_1_67' title='bbox 278 1355 434 1429; x_wconf 82' lang='lat' dir='ltr'>alteram</span> <span class='ocrx_word' id='word_1_68' title='bbox 458 1355 644 1430; x_wconf 88' lang='lat' dir='ltr'>dimidiam</span> <span class='ocrx_word' id='word_1_69' title='bbox 668 1378 837 1444; x_wconf 89' lang='lat' dir='ltr'>marcum,</span> <span class='ocrx_word' id='word_1_70' title='bbox 862 1358 923 1450; x_wconf 84' lang='lat' dir='ltr'>qul</span> <span class='ocrx_word' id='word_1_71' title='bbox 947 1355 1034 1429; x_wconf 91' lang='lat' dir='ltr'>dum</span> <span class='ocrx_word' id='word_1_72' title='bbox 1056 1358 1094 1429; x_wconf 90' lang='lat' dir='ltr'>in</span> <span class='ocrx_word' id='word_1_73' title='bbox 1117 1359 1282 1448; x_wconf 82' lang='lat' dir='ltr'>sennctjs</span> <span class='ocrx_word' id='word_1_74' title='bbox 1305 1357 1520 1450; x_wconf 84' lang='lat' dir='ltr'>perderetur,</span> <span class='ocrx_word' id='word_1_75' title='bbox 1549 1357 1686 1431; x_wconf 90' lang='lat' dir='ltr'>tamdiu</span> <span class='ocrx_word' id='word_1_76' title='bbox 1709 1379 1732 1430; x_wconf 93' lang='lat' dir='ltr'>a</span> <span class='ocrx_word' id='word_1_77' title='bbox 1753 1378 1824 1431; x_wconf 88' lang='lat' dir='ltr'>ser·</span> 
     </span>
     <span class='ocr_line' id='line_1_9' title="bbox 284 1463 1823 1560; baseline 0.001 -24"><span class='ocrx_word' id='word_1_78' title='bbox 284 1467 393 1557; x_wconf 80' lang='lat' dir='ltr'>uicijs</span> <span class='ocrx_word' id='word_1_79' title='bbox 417 1467 522 1536; x_wconf 86' lang='lat' dir='ltr'>amnt</span> <span class='ocrx_word' id='word_1_80' title='bbox 544 1463 658 1549; x_wconf 89' lang='lat' dir='ltr'>liberi,</span> <span class='ocrx_word' id='word_1_81' title='bbox 674 1486 871 1558; x_wconf 72' lang='lat' dir='ltr'>nucusque</span> <span class='ocrx_word' id='word_1_82' title='bbox 894 1486 958 1560; x_wconf 91' lang='lat' dir='ltr'>per</span> <span class='ocrx_word' id='word_1_83' title='bbox 981 1485 1046 1536; x_wconf 90' lang='lat' dir='ltr'>nos</span> <span class='ocrx_word' id='word_1_84' title='bbox 1069 1465 1178 1538; x_wconf 89' lang='lat' dir='ltr'>inerit</span> <span class='ocrx_word' id='word_1_85' title='bbox 1205 1465 1396 1538; x_wconf 85' lang='lat' dir='ltr'>exsolutus.</span> <span class='ocrx_word' id='word_1_86' title='bbox 1441 1465 1489 1538; x_wconf 87' lang='lat' dir='ltr'>Et</span> <span class='ocrx_word' id='word_1_87' title='bbox 1511 1467 1595 1557; x_wconf 86' lang='lat' dir='ltr'>quia</span> <span class='ocrx_word' id='word_1_88' title='bbox 1616 1467 1696 1539; x_wconf 92' lang='lat' dir='ltr'>iura</span> <span class='ocrx_word' id='word_1_89' title='bbox 1717 1463 1823 1538; x_wconf 90' lang='lat' dir='ltr'>Noui·</span> 
     </span>
     <span class='ocr_line' id='line_1_10' title="bbox 285 1571 1823 1667; baseline -0.001 -22"><span class='ocrx_word' id='word_1_90' title='bbox 285 1573 355 1645; x_wconf 82' lang='lat' dir='ltr'>fori</span> <span class='ocrx_word' id='word_1_91' title='bbox 378 1571 482 1646; x_wconf 90' lang='lat' dir='ltr'>nobis</span> <span class='ocrx_word' id='word_1_92' title='bbox 505 1575 592 1644; x_wconf 88' lang='lat' dir='ltr'>sunt</span> <span class='ocrx_word' id='word_1_93' title='bbox 613 1592 758 1667; x_wconf 87' lang='lat' dir='ltr'>prorsus</span> <span class='ocrx_word' id='word_1_94' title='bbox 782 1575 974 1666; x_wconf 78' lang='lat' dir='ltr'>incognita,</span> <span class='ocrx_word' id='word_1_95' title='bbox 999 1575 1120 1646; x_wconf 88' lang='lat' dir='ltr'>omnia</span> <span class='ocrx_word' id='word_1_96' title='bbox 1142 1574 1230 1658; x_wconf 88' lang='lat' dir='ltr'>iura,</span> <span class='ocrx_word' id='word_1_97' title='bbox 1262 1593 1330 1665; x_wconf 90' lang='lat' dir='ltr'>que</span> <span class='ocrx_word' id='word_1_98' title='bbox 1353 1574 1543 1646; x_wconf 79' lang='lat' dir='ltr'>utilitatem</span> <span class='ocrx_word' id='word_1_99' title='bbox 1576 1577 1612 1646; x_wconf 92' lang='lat' dir='ltr'>et</span> <span class='ocrx_word' id='word_1_100' title='bbox 1635 1571 1823 1646; x_wconf 86' lang='lat' dir='ltr'>comodum</span> 
     </span>
     <span class='ocr_line' id='line_1_11' title="bbox 285 1678 1823 1774; baseline 0 -22"><span class='ocrx_word' id='word_1_101' title='bbox 285 1681 485 1773; x_wconf 88' lang='lat' dir='ltr'>respiciunt</span> <span class='ocrx_word' id='word_1_102' title='bbox 498 1678 734 1766; x_wconf 89' lang='lat' dir='ltr'>dominorum,</span> <span class='ocrx_word' id='word_1_103' title='bbox 758 1683 861 1755; x_wconf 88' lang='lat' dir='ltr'>salua</span> <span class='ocrx_word' id='word_1_104' title='bbox 876 1681 979 1754; x_wconf 89' lang='lat' dir='ltr'>nobis</span> <span class='ocrx_word' id='word_1_105' title='bbox 995 1683 1138 1774; x_wconf 91' lang='lat' dir='ltr'>penitus</span> <span class='ocrx_word' id='word_1_106' title='bbox 1154 1700 1390 1753; x_wconf 85' lang='lat' dir='ltr'>reseruemus.</span> <span class='ocrx_word' id='word_1_107' title='bbox 1436 1681 1478 1754; x_wconf 94' lang='lat' dir='ltr'>In</span> <span class='ocrx_word' id='word_1_108' title='bbox 1492 1701 1643 1773; x_wconf 89' lang='lat' dir='ltr'>quonrm</span> <span class='ocrx_word' id='word_1_109' title='bbox 1662 1681 1823 1754; x_wconf 91' lang='lat' dir='ltr'>omnium</span> 
     </span>
     <span class='ocr_line' id='line_1_12' title="bbox 286 1787 1823 1882; baseline -0.001 -22"><span class='ocrx_word' id='word_1_110' title='bbox 286 1789 534 1860; x_wconf 89' lang='lat' dir='ltr'>testimonium</span> <span class='ocrx_word' id='word_1_111' title='bbox 568 1791 605 1858; x_wconf 91' lang='lat' dir='ltr'>et</span> <span class='ocrx_word' id='word_1_112' title='bbox 639 1787 863 1862; x_wconf 90' lang='lat' dir='ltr'>euidenoiam</span> <span class='ocrx_word' id='word_1_113' title='bbox 896 1788 1103 1882; x_wconf 86' lang='lat' dir='ltr'>pleniorem,</span> <span class='ocrx_word' id='word_1_114' title='bbox 1138 1793 1322 1881; x_wconf 86' lang='lat' dir='ltr'>presentes</span> <span class='ocrx_word' id='word_1_115' title='bbox 1356 1789 1478 1862; x_wconf 89' lang='lat' dir='ltr'>literas</span> <span class='ocrx_word' id='word_1_116' title='bbox 1517 1788 1626 1860; x_wconf 91' lang='lat' dir='ltr'>scribi</span> <span class='ocrx_word' id='word_1_117' title='bbox 1659 1788 1823 1874; x_wconf 82' lang='lat' dir='ltr'>fecimus,</span> 
     </span>
     <span class='ocr_line' id='line_1_13' title="bbox 288 1895 1824 1986; baseline -0.001 -18"><span class='ocrx_word' id='word_1_118' title='bbox 288 1899 411 1968; x_wconf 86' lang='lat' dir='ltr'>nostro</span> <span class='ocrx_word' id='word_1_119' title='bbox 446 1899 483 1966; x_wconf 89' lang='lat' dir='ltr'>et</span> <span class='ocrx_word' id='word_1_120' title='bbox 518 1900 718 1969; x_wconf 81' lang='lat' dir='ltr'>conuentus</span> <span class='ocrx_word' id='word_1_121' title='bbox 753 1898 865 1970; x_wconf 88' lang='lat' dir='ltr'>nostri</span> <span class='ocrx_word' id='word_1_122' title='bbox 900 1895 1099 1986; x_wconf 82' lang='lat' dir='ltr'>sigillomm</span> <span class='ocrx_word' id='word_1_123' title='bbox 1135 1898 1332 1968; x_wconf 89' lang='lat' dir='ltr'>munimine</span> <span class='ocrx_word' id='word_1_124' title='bbox 1366 1896 1583 1968; x_wconf 88' lang='lat' dir='ltr'>roborantes.</span> <span class='ocrx_word' id='word_1_125' title='bbox 1629 1895 1763 1968; x_wconf 91' lang='lat' dir='ltr'>Datum</span> <span class='ocrx_word' id='word_1_126' title='bbox 1786 1897 1824 1966; x_wconf 92' lang='lat' dir='ltr'>ln</span> 
     </span>
     <span class='ocr_line' id='line_1_14' title="bbox 286 2002 1826 2098; baseline -0.002 -22"><span class='ocrx_word' id='word_1_127' title='bbox 286 2005 529 2076; x_wconf 67' lang='lat' dir='ltr'>nimime</span> <span class='ocrx_word' id='word_1_128' title='bbox 561 2003 652 2076; x_wconf 78' lang='lat' dir='ltr'>feria</span> <span class='ocrx_word' id='word_1_129' title='bbox 686 2009 787 2076; x_wconf 89' lang='lat' dir='ltr'>sexta</span> <span class='ocrx_word' id='word_1_130' title='bbox 808 2006 846 2078; x_wconf 92' lang='lat' dir='ltr'>ln</span> <span class='ocrx_word' id='word_1_131' title='bbox 862 2005 1031 2098; x_wconf 24' lang='lat' dir='ltr'>,cautino</span> <span class='ocrx_word' id='word_1_132' title='bbox 1065 2003 1238 2076; x_wconf 82' lang='lat' dir='ltr'>Iohannis·</span> <span class='ocrx_word' id='word_1_133' title='bbox 1267 2003 1428 2097; x_wconf 83' lang='lat' dir='ltr'>Baptista</span> <span class='ocrx_word' id='word_1_134' title='bbox 1462 2003 1529 2076; x_wconf 89' lang='lat' dir='ltr'>sub</span> <span class='ocrx_word' id='word_1_135' title='bbox 1565 2023 1658 2076; x_wconf 91' lang='lat' dir='ltr'>anno</span> <span class='ocrx_word' id='word_1_136' title='bbox 1680 2002 1826 2074; x_wconf 88' lang='lat' dir='ltr'>Domini</span> 
     </span>
     <span class='ocr_line' id='line_1_15' title="bbox 264 2103 1826 2204; baseline -0.006 -14"><span class='ocrx_word' id='word_1_137' title='bbox 264 2111 478 2190; x_wconf 88' lang='lat' dir='ltr'>millesimo</span> <span class='ocrx_word' id='word_1_138' title='bbox 513 2111 874 2202; x_wconf 82' lang='lat' dir='ltr'>quadringenteslmo.</span> <span class='ocrx_word' id='word_1_139' title='bbox 911 2109 1050 2196; x_wconf 65' lang='lat' dir='ltr'>‚Coram</span> <span class='ocrx_word' id='word_1_140' title='bbox 1083 2111 1156 2204; x_wconf 88' lang='lat' dir='ltr'>hijs</span> <span class='ocrx_word' id='word_1_141' title='bbox 1194 2103 1362 2184; x_wconf 88' lang='lat' dir='ltr'>testibu&#39;s:</span> <span class='ocrx_word' id='word_1_142' title='bbox 1394 2111 1496 2184; x_wconf 83' lang='lat' dir='ltr'>Petro</span> <span class='ocrx_word' id='word_1_143' title='bbox 1532 2115 1568 2184; x_wconf 89' lang='lat' dir='ltr'>et</span> <span class='ocrx_word' id='word_1_144' title='bbox 1601 2111 1746 2184; x_wconf 89' lang='lat' dir='ltr'>Nicolao</span> <span class='ocrx_word' id='word_1_145' title='bbox 1781 2108 1826 2182; x_wconf 90' lang='lat' dir='ltr'>de</span> 
     </span>
     <span class='ocr_line' id='line_1_16' title="bbox 285 2217 1826 2312; baseline -0.001 -20"><span class='ocrx_word' id='word_1_146' title='bbox 285 2222 420 2302; x_wconf 81' lang='lat' dir='ltr'>Marco,</span> <span class='ocrx_word' id='word_1_147' title='bbox 458 2218 616 2290; x_wconf 88' lang='lat' dir='ltr'>Pnscone</span> <span class='ocrx_word' id='word_1_148' title='bbox 651 2219 696 2291; x_wconf 90' lang='lat' dir='ltr'>de</span> <span class='ocrx_word' id='word_1_149' title='bbox 730 2221 981 2292; x_wconf 69' lang='lat' dir='ltr'>aianeoane</span> <span class='ocrx_word' id='word_1_150' title='bbox 1013 2217 1215 2306; x_wconf 89' lang='lat' dir='ltr'>heredibus,</span> <span class='ocrx_word' id='word_1_151' title='bbox 1249 2217 1405 2292; x_wconf 91' lang='lat' dir='ltr'>Iohanne</span> <span class='ocrx_word' id='word_1_152' title='bbox 1440 2217 1633 2312; x_wconf 91' lang='lat' dir='ltr'>capellano,</span> <span class='ocrx_word' id='word_1_153' title='bbox 1656 2218 1826 2290; x_wconf 88' lang='lat' dir='ltr'>Dobcone</span> 
     </span>
    </p>
   </div>
   <div class='ocr_carea' id='block_1_3' title="bbox 290 2325 1840 2432">
    <p class='ocr_par' dir='ltr' id='par_1_3' title="bbox 290 2325 1840 2432">
     <span class='ocr_line' id='line_1_17' title="bbox 290 2325 1840 2432; baseline -0.002 -32"><span class='ocrx_word' id='word_1_154' title='bbox 290 2333 414 2401; x_wconf 89' lang='lat' dir='ltr'>nostro</span> <span class='ocrx_word' id='word_1_155' title='bbox 437 2327 607 2432; x_wconf 82' lang='lat' dir='ltr'>familiari</span> <span class='ocrx_word' id='word_1_156' title='bbox 631 2333 667 2400; x_wconf 91' lang='lat' dir='ltr'>et</span> <span class='ocrx_word' id='word_1_157' title='bbox 690 2327 879 2419; x_wconf 85' lang='lat' dir='ltr'>Peragrino</span> <span class='ocrx_word' id='word_1_158' title='bbox 902 2331 1024 2399; x_wconf 91' lang='lat' dir='ltr'>nostro</span> <span class='ocrx_word' id='word_1_159' title='bbox 1046 2331 1199 2420; x_wconf 90' lang='lat' dir='ltr'>protunc</span> <span class='ocrx_word' id='word_1_160' title='bbox 1221 2325 1340 2399; x_wconf 90' lang='lat' dir='ltr'>iudice</span> <span class='ocrx_word' id='word_1_161' title='bbox 1363 2331 1400 2399; x_wconf 92' lang='lat' dir='ltr'>et</span> <span class='ocrx_word' id='word_1_162' title='bbox 1421 2327 1504 2420; x_wconf 81' lang='lat' dir='ltr'>alijs</span> <span class='ocrx_word' id='word_1_163' title='bbox 1527 2325 1729 2418; x_wconf 80' lang='lat' dir='ltr'>fidedignis.</span> <span class='ocrx_word' id='word_1_164' title='bbox 1795 2397 1799 2408; x_wconf 78' lang='grc'><strong>,</strong></span> <span class='ocrx_word' id='word_1_165' title='bbox 1837 2333 1840 2338; x_wconf 79' lang='grc'>’</span> 
     </span>
    </p>
   </div>
   <div class='ocr_carea' id='block_1_4' title="bbox 286 2519 1827 3051">
    <p class='ocr_par' dir='ltr' id='par_1_4' title="bbox 286 2519 1827 3051">
     <span class='ocr_line' id='line_1_18' title="bbox 306 2519 1826 2602; baseline -0.005 -16"><span class='ocrx_word' id='word_1_166' title='bbox 306 2519 308 2522; x_wconf 63' lang='grc'><strong>’</strong></span> <span class='ocrx_word' id='word_1_167' title='bbox 451 2525 619 2585; x_wconf 79' lang='lat' dir='ltr'>Dokument</span> <span class='ocrx_word' id='word_1_168' title='bbox 645 2526 862 2602; x_wconf 77' lang='lat' dir='ltr'>pargmtnoay,</span> <span class='ocrx_word' id='word_1_169' title='bbox 890 2523 1091 2598; x_wconf 76' lang='lat' dir='ltr'>pnechcuany</span> <span class='ocrx_word' id='word_1_170' title='bbox 1114 2542 1140 2582; x_wconf 75' lang='lat' dir='ltr'>n</span> <span class='ocrx_word' id='word_1_171' title='bbox 1158 2522 1310 2582; x_wconf 73' lang='lat' dir='ltr'>mhimun</span> <span class='ocrx_word' id='word_1_172' title='bbox 1338 2521 1491 2595; x_wconf 70' lang='lat' dir='ltr'>nodonm</span> <span class='ocrx_word' id='word_1_173' title='bbox 1510 2540 1536 2580; x_wconf 77' lang='lat' dir='ltr'>n</span> <span class='ocrx_word' id='word_1_174' title='bbox 1553 2523 1699 2580; x_wconf 80' lang='lat' dir='ltr'>Poaaaniu</span> <span class='ocrx_word' id='word_1_175' title='bbox 1717 2521 1826 2593; x_wconf 75' lang='lat' dir='ltr'>(brabia</span> 
     </span>
     <span class='ocr_line' id='line_1_19' title="bbox 288 2605 1826 2692; baseline -0.001 -18"><span class='ocrx_word' id='word_1_176' title='bbox 288 2617 410 2688; x_wconf 71' lang='lat' dir='ltr'>Mi),</span> <span class='ocrx_word' id='word_1_177' title='bbox 437 2624 591 2691; x_wconf 79' lang='lat' dir='ltr'>opetreouy</span> <span class='ocrx_word' id='word_1_178' title='bbox 618 2618 781 2692; x_wconf 71' lang='lat' dir='ltr'>pier-nomia</span> <span class='ocrx_word' id='word_1_179' title='bbox 807 2615 927 2674; x_wconf 65' lang='grc' dir='ltr'>ἀπίω</span> <span class='ocrx_word' id='word_1_180' title='bbox 954 2605 1141 2690; x_wconf 64' lang='lat' dir='ltr'>piocaigciami,</span> <span class='ocrx_word' id='word_1_181' title='bbox 1168 2615 1376 2672; x_wconf 71' lang='lat' dir='ltr'>mwieazonemi</span> <span class='ocrx_word' id='word_1_182' title='bbox 1404 2631 1443 2671; x_wconf 79' lang='lat' dir='ltr'>na</span> <span class='ocrx_word' id='word_1_183' title='bbox 1469 2613 1616 2686; x_wconf 81' lang='lat' dir='ltr'>aielonych</span> <span class='ocrx_word' id='word_1_184' title='bbox 1642 2611 1826 2685; x_wconf 77' lang='lat' dir='ltr'>jednabnyeb</span> 
     </span>
     <span class='ocr_line' id='line_1_20' title="bbox 290 2701 1827 2782; baseline 0.001 -21"><span class='ocrx_word' id='word_1_185' title='bbox 290 2705 459 2764; x_wconf 76' lang='lat' dir='ltr'>aznnrkech.</span> <span class='ocrx_word' id='word_1_186' title='bbox 495 2705 606 2782; x_wconf 74' lang='lat' dir='ltr'>Ztych</span> <span class='ocrx_word' id='word_1_187' title='bbox 632 2701 724 2780; x_wconf 82' lang='lat' dir='ltr'>dru&#39;ga</span> <span class='ocrx_word' id='word_1_188' title='bbox 740 2707 897 2774; x_wconf 65' lang='lat' dir='ltr'>adunans,</span> <span class='ocrx_word' id='word_1_189' title='bbox 924 2705 1088 2764; x_wconf 75' lang='lat' dir='ltr'>doohonnla</span> <span class='ocrx_word' id='word_1_190' title='bbox 1114 2705 1155 2774; x_wconf 73' lang='lat' dir='ltr'>sie</span> <span class='ocrx_word' id='word_1_191' title='bbox 1184 2705 1264 2778; x_wconf 79' lang='lat' dir='ltr'>tylko</span> <span class='ocrx_word' id='word_1_192' title='bbox 1290 2705 1423 2778; x_wconf 74' lang='lat' dir='ltr'>pierwsza</span> <span class='ocrx_word' id='word_1_193' title='bbox 1447 2702 1655 2778; x_wconf 73' lang='lat' dir='ltr'>polingona,</span> <span class='ocrx_word' id='word_1_194' title='bbox 1673 2721 1699 2759; x_wconf 73' lang='lat' dir='ltr'>n</span> <span class='ocrx_word' id='word_1_195' title='bbox 1716 2703 1827 2762; x_wconf 69' lang='lat' dir='ltr'>mantne</span> 
     </span>
     <span class='ocr_line' id='line_1_21' title="bbox 286 2791 1827 2872; baseline -0.003 -18"><span class='ocrx_word' id='word_1_196' title='bbox 286 2796 428 2869; x_wconf 75' lang='lat' dir='ltr'>aialonyrn</span> <span class='ocrx_word' id='word_1_197' title='bbox 448 2795 544 2855; x_wconf 76' lang='lat' dir='ltr'>woshn</span> <span class='ocrx_word' id='word_1_198' title='bbox 559 2796 730 2872; x_wconf 75' lang='lat' dir='ltr'>nyciinieta.</span> <span class='ocrx_word' id='word_1_199' title='bbox 766 2797 925 2870; x_wconf 80' lang='lat' dir='ltr'>Wycbrata</span> <span class='ocrx_word' id='word_1_200' title='bbox 937 2813 994 2854; x_wconf 88' lang='lat' dir='ltr'>cna</span> <span class='ocrx_word' id='word_1_201' title='bbox 1010 2793 1066 2870; x_wconf 93' lang='lat' dir='ltr'>pod</span> <span class='ocrx_word' id='word_1_202' title='bbox 1084 2794 1245 2868; x_wconf 81' lang='lat' dir='ltr'>gct5ckiem</span> <span class='ocrx_word' id='word_1_203' title='bbox 1263 2792 1440 2870; x_wconf 78' lang='lat' dir='ltr'>poddasaem,</span> <span class='ocrx_word' id='word_1_204' title='bbox 1468 2799 1615 2868; x_wconf 72' lang='lat' dir='ltr'>asperam</span> <span class='ocrx_word' id='word_1_205' title='bbox 1633 2809 1671 2850; x_wconf 79' lang='lat' dir='ltr'>na</span> <span class='ocrx_word' id='word_1_206' title='bbox 1696 2791 1827 2850; x_wconf 84' lang='lat' dir='ltr'>cienkicb</span> 
     </span>
     <span class='ocr_line' id='line_1_22' title="bbox 287 2881 1826 2962; baseline -0.001 -20"><span class='ocrx_word' id='word_1_207' title='bbox 287 2885 432 2958; x_wconf 72' lang='lat' dir='ltr'>wyeokicb</span> <span class='ocrx_word' id='word_1_208' title='bbox 445 2885 594 2961; x_wconf 75' lang='lat' dir='ltr'>slupkach,</span> <span class='ocrx_word' id='word_1_209' title='bbox 612 2885 709 2962; x_wconf 78' lang='lat' dir='ltr'>postac&#39;</span> <span class='ocrx_word' id='word_1_210' title='bbox 731 2893 816 2962; x_wconf 81' lang='lat' dir='ltr'>opata</span> <span class='ocrx_word' id='word_1_211' title='bbox 828 2904 854 2944; x_wconf 74' lang='lat' dir='ltr'>n</span> <span class='ocrx_word' id='word_1_212' title='bbox 867 2887 966 2955; x_wconf 83' lang='lat' dir='ltr'>infula,</span> <span class='ocrx_word' id='word_1_213' title='bbox 985 2904 1001 2942; x_wconf 80' lang='lat' dir='ltr'>a</span> <span class='ocrx_word' id='word_1_214' title='bbox 1023 2883 1192 2958; x_wconf 78' lang='lat' dir='ltr'>pastoralem</span> <span class='ocrx_word' id='word_1_215' title='bbox 1205 2902 1230 2939; x_wconf 82' lang='lat' dir='ltr'>ve</span> <span class='ocrx_word' id='word_1_216' title='bbox 1244 2883 1356 2958; x_wconf 72' lang='lat' dir='ltr'>pransi,</span> <span class='ocrx_word' id='word_1_217' title='bbox 1374 2883 1470 2957; x_wconf 75' lang='lat' dir='ltr'>ksiegn</span> <span class='ocrx_word' id='word_1_218' title='bbox 1489 2901 1527 2940; x_wconf 83' lang='lat' dir='ltr'>na</span> <span class='ocrx_word' id='word_1_219' title='bbox 1544 2881 1682 2958; x_wconf 79' lang='lat' dir='ltr'>piemiach</span> <span class='ocrx_word' id='word_1_220' title='bbox 1695 2900 1721 2940; x_wconf 74' lang='lat' dir='ltr'>n</span> <span class='ocrx_word' id='word_1_221' title='bbox 1739 2883 1826 2953; x_wconf 72' lang='lat' dir='ltr'>leuci.</span> 
     </span>
     <span class='ocr_line' id='line_1_23' title="bbox 289 2974 1291 3051; baseline -0.002 -17"><span class='ocrx_word' id='word_1_222' title='bbox 289 2977 383 3051; x_wconf 74' lang='lat' dir='ltr'>Napis</span> <span class='ocrx_word' id='word_1_223' title='bbox 401 2977 544 3050; x_wconf 73' lang='lat' dir='ltr'>otokony:</span> <span class='ocrx_word' id='word_1_224' title='bbox 580 2979 649 3049; x_wconf 80' lang='lat' dir='ltr'>†S.</span> <span class='ocrx_word' id='word_1_225' title='bbox 668 2975 888 3035; x_wconf 76' lang='lat' dir='ltr'>nnvanrtcn</span> <span class='ocrx_word' id='word_1_226' title='bbox 907 2975 1072 3034; x_wconf 74' lang='lat' dir='ltr'>sauma</span> <span class='ocrx_word' id='word_1_227' title='bbox 1091 2974 1136 3032; x_wconf 87' lang='lat' dir='ltr'>IN</span> <span class='ocrx_word' id='word_1_228' title='bbox 1156 2975 1291 3034; x_wconf 75' lang='lat' dir='ltr'>uvam.</span> 
     </span>
    </p>
   </div>
   <div class='ocr_carea' id='block_1_5' title="bbox 288 3115 1827 3324">
    <p class='ocr_par' dir='ltr' id='par_1_5' title="bbox 288 3115 1827 3324">
     <span class='ocr_line' id='line_1_24' title="bbox 453 3115 1827 3231; baseline -0.004 -16"><span class='ocrx_word' id='word_1_229' title='bbox 453 3115 685 3230; x_wconf 60' lang='lat' dir='ltr'>omnemne,</span> <span class='ocrx_word' id='word_1_230' title='bbox 711 3173 842 3231; x_wconf 70' lang='lat' dir='ltr'>upeanc</span> <span class='ocrx_word' id='word_1_231' title='bbox 859 3153 1003 3226; x_wconf 77' lang='lat' dir='ltr'>dalaiaiaac</span> <span class='ocrx_word' id='word_1_232' title='bbox 1022 3154 1180 3225; x_wconf 68' lang='lat' dir='ltr'>miclau,</span> <span class='ocrx_word' id='word_1_233' title='bbox 1198 3153 1264 3213; x_wconf 75' lang='lat' dir='ltr'>aiei</span> <span class='ocrx_word' id='word_1_234' title='bbox 1283 3151 1387 3230; x_wconf 79' lang='lat' dir='ltr'>niegdy</span> <span class='ocrx_word' id='word_1_235' title='bbox 1405 3172 1431 3212; x_wconf 78' lang='lat' dir='ltr'>n</span> <span class='ocrx_word' id='word_1_236' title='bbox 1448 3153 1512 3225; x_wconf 78' lang='lat' dir='ltr'>noi.</span> <span class='ocrx_word' id='word_1_237' title='bbox 1530 3151 1739 3229; x_wconf 71' lang='lat' dir='ltr'>pomadffiem,</span> <span class='ocrx_word' id='word_1_238' title='bbox 1757 3169 1827 3228; x_wconf 77' lang='lat' dir='ltr'>pon.</span> 
     </span>
     <span class='ocr_line' id='line_1_25' title="bbox 288 3245 843 3324; baseline -0.002 -17"><span class='ocrx_word' id='word_1_239' title='bbox 288 3245 490 3318; x_wconf 72' lang='lat' dir='ltr'>koiciariskint,</span> <span class='ocrx_word' id='word_1_240' title='bbox 507 3265 567 3324; x_wconf 80' lang='lat' dir='ltr'>par.</span> <span class='ocrx_word' id='word_1_241' title='bbox 586 3246 681 3306; x_wconf 80' lang='lat' dir='ltr'>Lnbin</span> <span class='ocrx_word' id='word_1_242' title='bbox 699 3246 843 3322; x_wconf 71' lang='lat' dir='ltr'>polam</span> 
     </span>
    </p>
   </div>
   <div class='ocr_carea' id='block_1_6' title="bbox 291 3610 1080 3736">
    <p class='ocr_par' dir='ltr' id='par_1_6' title="bbox 291 3610 1080 3736">
     <span class='ocr_line' id='line_1_26' title="bbox 291 3610 1080 3736; baseline -0.003 -20"><span class='ocrx_word' id='word_1_243' title='bbox 291 3650 326 3716; x_wconf 89' lang='grc'>6.</span> <span class='ocrx_word' id='word_1_244' title='bbox 376 3648 472 3718; x_wconf 84' lang='grc'>1400.</span> <span class='ocrx_word' id='word_1_245' title='bbox 498 3662 623 3714; x_wconf 85' lang='lat' dir='ltr'>mense</span> <span class='ocrx_word' id='word_1_246' title='bbox 646 3610 856 3736; x_wconf 87' lang='lat' dir='ltr'>Septembri,</span> <span class='ocrx_word' id='word_1_247' title='bbox 880 3640 919 3712; x_wconf 92' lang='lat' dir='ltr'>in</span> <span class='ocrx_word' id='word_1_248' title='bbox 941 3641 1080 3714; x_wconf 81' lang='lat' dir='ltr'>Pcaieo.</span> 
     </span>
    </p>
   </div>
   <div class='ocr_carea' id='block_1_7' title="bbox 291 3836 1831 4134">
    <p class='ocr_par' dir='ltr' id='par_1_7' title="bbox 291 3803 1831 4134">
     <span class='ocr_line' id='line_1_27' title="bbox 456 3836 1831 3930; baseline -0.002 -17"><span class='ocrx_word' id='word_1_249' title='bbox 456 3839 619 3913; x_wconf 86' lang='lat' dir='ltr'>indicum</span> <span class='ocrx_word' id='word_1_250' title='bbox 643 3837 868 3930; x_wconf 88' lang='lat' dir='ltr'>quomndam</span> <span class='ocrx_word' id='word_1_251' title='bbox 891 3837 1085 3924; x_wconf 88' lang='lat' dir='ltr'>decretum,</span> <span class='ocrx_word' id='word_1_252' title='bbox 1110 3841 1203 3910; x_wconf 87' lang='lat' dir='ltr'>inter</span> <span class='ocrx_word' id='word_1_253' title='bbox 1225 3837 1411 3910; x_wconf 83' lang='lat' dir='ltr'>Nicolaum</span> <span class='ocrx_word' id='word_1_254' title='bbox 1435 3836 1600 3910; x_wconf 91' lang='lat' dir='ltr'>abbatem</span> <span class='ocrx_word' id='word_1_255' title='bbox 1625 3838 1831 3910; x_wconf 87' lang='lat' dir='ltr'>monasterii</span> 
     </span>
     <span class='ocr_line' id='line_1_28' title="bbox 291 3944 1830 4134; baseline -0.003 -111"><span class='ocrx_word' id='word_1_256' title='bbox 291 3950 588 4134; x_wconf 45' lang='lat' dir='ltr'>ilfilelssnffifnsffs</span> <span class='ocrx_word' id='word_1_257' title='bbox 605 3947 779 4020; x_wconf 86' lang='lat' dir='ltr'>Mathiam</span> <span class='ocrx_word' id='word_1_258' title='bbox 809 3946 996 4018; x_wconf 85' lang='lat' dir='ltr'>Dzetraich</span> <span class='ocrx_word' id='word_1_259' title='bbox 1026 3951 1226 4083; x_wconf 89' lang='lat' dir='ltr'>cmetonem</span> <span class='ocrx_word' id='word_1_260' title='bbox 1259 3945 1303 4017; x_wconf 90' lang='lat' dir='ltr'>de</span> <span class='ocrx_word' id='word_1_261' title='bbox 1326 3947 1455 4030; x_wconf 76' lang='lat' dir='ltr'>Gdrlta,</span> <span class='ocrx_word' id='word_1_262' title='bbox 1487 3944 1531 4017; x_wconf 90' lang='lat' dir='ltr'>de</span> <span class='ocrx_word' id='word_1_263' title='bbox 1562 3965 1647 4036; x_wconf 80' lang='lat' dir='ltr'>agro</span> <span class='ocrx_word' id='word_1_264' title='bbox 1674 3944 1830 4036; x_wconf 86' lang='lat' dir='ltr'>quodam</span> 
     </span>
    </p>
   </div>
   <div class='ocr_carea' id='block_1_8' title="bbox 294 4238 1831 4454">
    <p class='ocr_par' dir='ltr' id='par_1_8' title="bbox 294 4238 1831 4454">
     <span class='ocr_line' id='line_1_29' title="bbox 457 4238 1831 4343; baseline -0.003 -15"><span class='ocrx_word' id='word_1_265' title='bbox 457 4255 530 4330; x_wconf 89' lang='lat' dir='ltr'>Nos</span> <span class='ocrx_word' id='word_1_266' title='bbox 553 4253 680 4326; x_wconf 90' lang='lat' dir='ltr'>Petrus</span> <span class='ocrx_word' id='word_1_267' title='bbox 713 4252 928 4343; x_wconf 83' lang='lat' dir='ltr'>burgrabius</span> <span class='ocrx_word' id='word_1_268' title='bbox 958 4255 996 4324; x_wconf 92' lang='lat' dir='ltr'>in</span> <span class='ocrx_word' id='word_1_269' title='bbox 1026 4238 1169 4336; x_wconf 69' lang='lat' dir='ltr'>Ponam,</span> <span class='ocrx_word' id='word_1_270' title='bbox 1204 4251 1323 4343; x_wconf 85' lang='lat' dir='ltr'>Lysek</span> <span class='ocrx_word' id='word_1_271' title='bbox 1346 4253 1384 4323; x_wconf 93' lang='lat' dir='ltr'>in</span> <span class='ocrx_word' id='word_1_272' title='bbox 1407 4253 1623 4336; x_wconf 79' lang='lat' dir='ltr'>Daancaiau,</span> <span class='ocrx_word' id='word_1_273' title='bbox 1656 4251 1831 4324; x_wconf 90' lang='lat' dir='ltr'>lohannes</span> 
     </span>
     <span class='ocr_line' id='line_1_30' title="bbox 294 4359 1831 4454; baseline -0.005 -16"><span class='ocrx_word' id='word_1_274' title='bbox 294 4369 334 4439; x_wconf 93' lang='lat' dir='ltr'>in</span> <span class='ocrx_word' id='word_1_275' title='bbox 358 4363 628 4454; x_wconf 72' lang='lat' dir='ltr'>Goaaeeyeroicac</span> <span class='ocrx_word' id='word_1_276' title='bbox 649 4360 809 4445; x_wconf 88' lang='lat' dir='ltr'>heredes,</span> <span class='ocrx_word' id='word_1_277' title='bbox 842 4361 996 4433; x_wconf 89' lang='lat' dir='ltr'>hlathias</span> <span class='ocrx_word' id='word_1_278' title='bbox 1019 4361 1221 4454; x_wconf 91' lang='lat' dir='ltr'>proconsul,</span> <span class='ocrx_word' id='word_1_279' title='bbox 1253 4359 1455 4452; x_wconf 87' lang='lat' dir='ltr'>Stephanus</span> <span class='ocrx_word' id='word_1_280' title='bbox 1480 4359 1604 4432; x_wconf 91' lang='lat' dir='ltr'>consul</span> <span class='ocrx_word' id='word_1_281' title='bbox 1627 4361 1665 4432; x_wconf 90' lang='lat' dir='ltr'>in</span> <span class='ocrx_word' id='word_1_282' title='bbox 1688 4363 1831 4446; x_wconf 77' lang='lat' dir='ltr'>Ponere,</span> 
     </span>
    </p>
   </div>
   <div class='ocr_carea' id='block_1_9' title="bbox 293 4467 1893 4560">
    <p class='ocr_par' dir='ltr' id='par_1_9' title="bbox 293 4467 1893 4560">
     <span class='ocr_line' id='line_1_31' title="bbox 293 4467 1893 4560; baseline -0.005 -13"><span class='ocrx_word' id='word_1_283' title='bbox 293 4475 394 4548; x_wconf 87' lang='lat' dir='ltr'>Clich</span> <span class='ocrx_word' id='word_1_284' title='bbox 429 4475 467 4545; x_wconf 93' lang='lat' dir='ltr'>in</span> <span class='ocrx_word' id='word_1_285' title='bbox 495 4471 760 4558; x_wconf 73' lang='lat' dir='ltr'>Gccoeepeata&#39;cze</span> <span class='ocrx_word' id='word_1_286' title='bbox 789 4473 829 4559; x_wconf 89' lang='lat' dir='ltr'>et</span> <span class='ocrx_word' id='word_1_287' title='bbox 855 4467 955 4540; x_wconf 87' lang='lat' dir='ltr'>Clich</span> <span class='ocrx_word' id='word_1_288' title='bbox 985 4471 1023 4540; x_wconf 91' lang='lat' dir='ltr'>in</span> <span class='ocrx_word' id='word_1_289' title='bbox 1053 4471 1246 4541; x_wconf 68' lang='lat' dir='ltr'>Inuhsewo</span> <span class='ocrx_word' id='word_1_290' title='bbox 1279 4467 1502 4552; x_wconf 88' lang='lat' dir='ltr'>kmethoncs,</span> <span class='ocrx_word' id='word_1_291' title='bbox 1539 4467 1661 4539; x_wconf 86' lang='lat' dir='ltr'>arbitri</span> <span class='ocrx_word' id='word_1_292' title='bbox 1691 4469 1829 4560; x_wconf 85' lang='lat' dir='ltr'>negocij</span> <span class='ocrx_word' id='word_1_293' title='bbox 1890 4467 1893 4474; x_wconf 83' lang='grc'><strong>’</strong></span> 
     </span>
    </p>
   </div>
   <div class='ocr_carea' id='block_1_10' title="bbox 293 4575 1834 5316">
    <p class='ocr_par' dir='ltr' id='par_1_10' title="bbox 293 4575 1834 5316">
     <span class='ocr_line' id='line_1_32' title="bbox 294 4575 1831 4674; baseline -0.005 -18"><span class='ocrx_word' id='word_1_294' title='bbox 294 4581 525 4674; x_wconf 81' lang='lat' dir='ltr'>infrascripti,</span> <span class='ocrx_word' id='word_1_295' title='bbox 549 4577 715 4649; x_wconf 88' lang='lat' dir='ltr'>omnibus</span> <span class='ocrx_word' id='word_1_296' title='bbox 739 4581 776 4648; x_wconf 90' lang='lat' dir='ltr'>et</span> <span class='ocrx_word' id='word_1_297' title='bbox 798 4576 961 4666; x_wconf 80' lang='lat' dir='ltr'>singulis,</span> <span class='ocrx_word' id='word_1_298' title='bbox 992 4577 1218 4668; x_wconf 88' lang='lat' dir='ltr'>presentibus</span> <span class='ocrx_word' id='word_1_299' title='bbox 1250 4581 1286 4647; x_wconf 91' lang='lat' dir='ltr'>et</span> <span class='ocrx_word' id='word_1_300' title='bbox 1307 4577 1459 4668; x_wconf 89' lang='lat' dir='ltr'>posteris</span> <span class='ocrx_word' id='word_1_301' title='bbox 1483 4576 1670 4660; x_wconf 81' lang='lat' dir='ltr'>uniuersis,</span> <span class='ocrx_word' id='word_1_302' title='bbox 1701 4575 1831 4666; x_wconf 89' lang='lat' dir='ltr'>quibus</span> 
     </span>
     <span class='ocr_line' id='line_1_33' title="bbox 296 4683 1831 4783; baseline -0.005 -20"><span class='ocrx_word' id='word_1_303' title='bbox 296 4689 450 4783; x_wconf 83' lang='lat' dir='ltr'>expedit,</span> <span class='ocrx_word' id='word_1_304' title='bbox 474 4687 616 4782; x_wconf 89' lang='lat' dir='ltr'>publice</span> <span class='ocrx_word' id='word_1_305' title='bbox 640 4689 879 4776; x_wconf 85' lang='lat' dir='ltr'>protestamur</span> <span class='ocrx_word' id='word_1_306' title='bbox 909 4704 972 4778; x_wconf 91' lang='lat' dir='ltr'>per</span> <span class='ocrx_word' id='word_1_307' title='bbox 1001 4690 1196 4776; x_wconf 71' lang='lat' dir='ltr'>presentes</span> <span class='ocrx_word' id='word_1_308' title='bbox 1229 4683 1404 4774; x_wconf 88' lang='lat' dir='ltr'>quomodo</span> <span class='ocrx_word' id='word_1_309' title='bbox 1427 4683 1641 4754; x_wconf 85' lang='lat' dir='ltr'>venerabilis</span> <span class='ocrx_word' id='word_1_310' title='bbox 1664 4683 1831 4756; x_wconf 88' lang='lat' dir='ltr'>Nicotaus</span> 
     </span>
     <span class='ocr_line' id='line_1_34' title="bbox 294 4790 1832 4890; baseline -0.007 -17"><span class='ocrx_word' id='word_1_311' title='bbox 294 4801 420 4872; x_wconf 89' lang='lat' dir='ltr'>diuina</span> <span class='ocrx_word' id='word_1_312' title='bbox 442 4794 672 4890; x_wconf 91' lang='lat' dir='ltr'>prouidencia</span> <span class='ocrx_word' id='word_1_313' title='bbox 695 4794 806 4865; x_wconf 90' lang='lat' dir='ltr'>abbas</span> <span class='ocrx_word' id='word_1_314' title='bbox 831 4794 1036 4884; x_wconf 79' lang='lat' dir='ltr'>monastertj</span> <span class='ocrx_word' id='word_1_315' title='bbox 1062 4796 1187 4866; x_wconf 89' lang='lat' dir='ltr'>sancte</span> <span class='ocrx_word' id='word_1_316' title='bbox 1210 4792 1320 4864; x_wconf 83' lang='lat' dir='ltr'>illaria</span> <span class='ocrx_word' id='word_1_317' title='bbox 1343 4793 1380 4864; x_wconf 94' lang='lat' dir='ltr'>in</span> <span class='ocrx_word' id='word_1_318' title='bbox 1404 4793 1536 4876; x_wconf 75' lang='lat' dir='ltr'>Labie,</span> <span class='ocrx_word' id='word_1_319' title='bbox 1560 4790 1693 4862; x_wconf 90' lang='lat' dir='ltr'>ordinis</span> <span class='ocrx_word' id='word_1_320' title='bbox 1716 4793 1832 4863; x_wconf 88' lang='lat' dir='ltr'>sancti</span> 
     </span>
     <span class='ocr_line' id='line_1_35' title="bbox 294 4897 1832 4990; baseline -0.007 -10"><span class='ocrx_word' id='word_1_321' title='bbox 294 4907 491 4990; x_wconf 84' lang='lat' dir='ltr'>Benedicti,</span> <span class='ocrx_word' id='word_1_322' title='bbox 527 4924 569 4976; x_wconf 85' lang='lat' dir='ltr'>ex</span> <span class='ocrx_word' id='word_1_323' title='bbox 603 4922 685 4986; x_wconf 83' lang='lat' dir='ltr'>vna,</span> <span class='ocrx_word' id='word_1_324' title='bbox 721 4905 758 4973; x_wconf 92' lang='lat' dir='ltr'>et</span> <span class='ocrx_word' id='word_1_325' title='bbox 798 4901 952 4972; x_wconf 89' lang='lat' dir='ltr'>hlathias</span> <span class='ocrx_word' id='word_1_326' title='bbox 997 4899 1182 4972; x_wconf 87' lang='lat' dir='ltr'>Dzetmioh</span> <span class='ocrx_word' id='word_1_327' title='bbox 1221 4899 1368 4972; x_wconf 90' lang='lat' dir='ltr'>kmetho</span> <span class='ocrx_word' id='word_1_328' title='bbox 1407 4902 1444 4970; x_wconf 92' lang='lat' dir='ltr'>in</span> <span class='ocrx_word' id='word_1_329' title='bbox 1481 4900 1610 4984; x_wconf 75' lang='lat' dir='ltr'>sorta,</span> <span class='ocrx_word' id='word_1_330' title='bbox 1650 4897 1832 4972; x_wconf 90' lang='lat' dir='ltr'>districtus</span> 
     </span>
     <span class='ocr_line' id='line_1_36' title="bbox 294 5007 1834 5103; baseline -0.005 -16"><span class='ocrx_word' id='word_1_331' title='bbox 294 5013 573 5096; x_wconf 79' lang='lat' dir='ltr'>lechowensis,</span> <span class='ocrx_word' id='word_1_332' title='bbox 601 5013 703 5103; x_wconf 89' lang='lat' dir='ltr'>parte</span> <span class='ocrx_word' id='word_1_333' title='bbox 733 5030 774 5081; x_wconf 79' lang='lat' dir='ltr'>en</span> <span class='ocrx_word' id='word_1_334' title='bbox 799 5009 920 5094; x_wconf 78' lang='lat' dir='ltr'>altera</span> <span class='ocrx_word' id='word_1_335' title='bbox 953 5013 1111 5080; x_wconf 91' lang='lat' dir='ltr'>nostram</span> <span class='ocrx_word' id='word_1_336' title='bbox 1143 5007 1308 5080; x_wconf 88' lang='lat' dir='ltr'>adierunt</span> <span class='ocrx_word' id='word_1_337' title='bbox 1337 5009 1558 5101; x_wconf 90' lang='lat' dir='ltr'>presenciam</span> <span class='ocrx_word' id='word_1_338' title='bbox 1589 5011 1761 5100; x_wconf 84' lang='lat' dir='ltr'>petentes,</span> <span class='ocrx_word' id='word_1_339' title='bbox 1793 5011 1834 5079; x_wconf 92' lang='lat' dir='ltr'>ut</span> 
     </span>
     <span class='ocr_line' id='line_1_37' title="bbox 295 5103 1833 5206; baseline -0.007 -10"><span class='ocrx_word' id='word_1_340' title='bbox 295 5143 421 5196; x_wconf 90' lang='lat' dir='ltr'>omnes</span> <span class='ocrx_word' id='word_1_341' title='bbox 445 5119 623 5202; x_wconf 85' lang='lat' dir='ltr'>articulos,</span> <span class='ocrx_word' id='word_1_342' title='bbox 655 5123 767 5206; x_wconf 83' lang='lat' dir='ltr'>gesta,</span> <span class='ocrx_word' id='word_1_343' title='bbox 791 5117 889 5190; x_wconf 89' lang='lat' dir='ltr'>iacta</span> <span class='ocrx_word' id='word_1_344' title='bbox 912 5121 948 5187; x_wconf 90' lang='lat' dir='ltr'>et</span> <span class='ocrx_word' id='word_1_345' title='bbox 971 5103 1243 5201; x_wconf 83' lang='lat' dir='ltr'>controuersias,</span> <span class='ocrx_word' id='word_1_346' title='bbox 1274 5137 1343 5206; x_wconf 88' lang='lat' dir='ltr'>que</span> <span class='ocrx_word' id='word_1_347' title='bbox 1371 5120 1457 5188; x_wconf 92' lang='lat' dir='ltr'>tunc</span> <span class='ocrx_word' id='word_1_348' title='bbox 1480 5117 1572 5186; x_wconf 90' lang='lat' dir='ltr'>inter</span> <span class='ocrx_word' id='word_1_349' title='bbox 1600 5117 1698 5206; x_wconf 91' lang='lat' dir='ltr'>ipsos</span> <span class='ocrx_word' id='word_1_350' title='bbox 1721 5120 1833 5186; x_wconf 85' lang='lat' dir='ltr'>verte·</span> 
     </span>
     <span class='ocr_line' id='line_1_38' title="bbox 293 5223 1833 5316; baseline -0.005 -14"><span class='ocrx_word' id='word_1_351' title='bbox 293 5231 436 5313; x_wconf 88' lang='lat' dir='ltr'>bantur,</span> <span class='ocrx_word' id='word_1_352' title='bbox 461 5225 757 5300; x_wconf 89' lang='lat' dir='ltr'>concordaremus</span> <span class='ocrx_word' id='word_1_353' title='bbox 782 5231 817 5296; x_wconf 92' lang='lat' dir='ltr'>et</span> <span class='ocrx_word' id='word_1_354' title='bbox 841 5244 1134 5316; x_wconf 86' lang='lat' dir='ltr'>componeremus</span> <span class='ocrx_word' id='word_1_355' title='bbox 1158 5223 1400 5316; x_wconf 88' lang='lat' dir='ltr'>proquodam</span> <span class='ocrx_word' id='word_1_356' title='bbox 1425 5242 1509 5312; x_wconf 81' lang='lat' dir='ltr'>agro</span> <span class='ocrx_word' id='word_1_357' title='bbox 1533 5224 1573 5293; x_wconf 93' lang='lat' dir='ltr'>in</span> <span class='ocrx_word' id='word_1_358' title='bbox 1594 5223 1714 5295; x_wconf 74' lang='lat' dir='ltr'>sorta</span> <span class='ocrx_word' id='word_1_359' title='bbox 1735 5223 1833 5295; x_wconf 89' lang='lat' dir='ltr'>here·</span> 
     </span>
    </p>
   </div>
   <div class='ocr_carea' id='block_1_11' title="bbox 293 5329 1901 5424">
    <p class='ocr_par' dir='ltr' id='par_1_11' title="bbox 293 5329 1901 5424">
     <span class='ocr_line' id='line_1_39' title="bbox 293 5329 1901 5424; baseline -0.005 -15"><span class='ocrx_word' id='word_1_360' title='bbox 293 5337 406 5409; x_wconf 86' lang='lat' dir='ltr'>ditate</span> <span class='ocrx_word' id='word_1_361' title='bbox 430 5335 635 5424; x_wconf 77' lang='lat' dir='ltr'>monasterii</span> <span class='ocrx_word' id='word_1_362' title='bbox 669 5332 828 5424; x_wconf 88' lang='lat' dir='ltr'>predicti,</span> <span class='ocrx_word' id='word_1_363' title='bbox 860 5354 968 5422; x_wconf 81' lang='lat' dir='ltr'>qrrcm</span> <span class='ocrx_word' id='word_1_364' title='bbox 991 5332 1152 5424; x_wconf 89' lang='lat' dir='ltr'>prolatus</span> <span class='ocrx_word' id='word_1_365' title='bbox 1183 5332 1336 5403; x_wconf 86' lang='lat' dir='ltr'>hiathias</span> <span class='ocrx_word' id='word_1_366' title='bbox 1361 5329 1569 5402; x_wconf 86' lang='lat' dir='ltr'>chthrzich</span> <span class='ocrx_word' id='word_1_367' title='bbox 1600 5331 1833 5422; x_wconf 81' lang='lat' dir='ltr'>perlongum</span> <span class='ocrx_word' id='word_1_368' title='bbox 1897 5338 1901 5346; x_wconf 89' lang='lat'>&#39;</span> 
     </span>
    </p>
   </div>
   <div class='ocr_carea' id='block_1_12' title="bbox 294 5437 1834 5537">
    <p class='ocr_par' dir='ltr' id='par_1_12' title="bbox 294 5437 1834 5537">
     <span class='ocr_line' id='line_1_40' title="bbox 294 5437 1834 5537; baseline -0.007 -17"><span class='ocrx_word' id='word_1_369' title='bbox 294 5447 386 5520; x_wconf 85' lang='lat' dir='ltr'>satis</span> <span class='ocrx_word' id='word_1_370' title='bbox 409 5445 579 5537; x_wconf 87' lang='lat' dir='ltr'>temporis</span> <span class='ocrx_word' id='word_1_371' title='bbox 615 5443 757 5536; x_wconf 90' lang='lat' dir='ltr'>lapsum</span> <span class='ocrx_word' id='word_1_372' title='bbox 789 5443 965 5530; x_wconf 85' lang='lat' dir='ltr'>incultum</span> <span class='ocrx_word' id='word_1_373' title='bbox 995 5444 1033 5512; x_wconf 89' lang='lat' dir='ltr'>et</span> <span class='ocrx_word' id='word_1_374' title='bbox 1061 5443 1205 5532; x_wconf 86' lang='lat' dir='ltr'>penitus</span> <span class='ocrx_word' id='word_1_375' title='bbox 1236 5438 1417 5512; x_wconf 87' lang='lat' dir='ltr'>desertum</span> <span class='ocrx_word' id='word_1_376' title='bbox 1447 5437 1618 5511; x_wconf 89' lang='lat' dir='ltr'>inibidem</span> <span class='ocrx_word' id='word_1_377' title='bbox 1642 5437 1834 5511; x_wconf 86' lang='lat' dir='ltr'>obmiserat</span> 
     </span>
    </p>
   </div>
   <div class='ocr_carea' id='block_1_13' title="bbox 2050 619 2360 1573">
    <p class='ocr_par' dir='ltr' id='par_1_13' title="bbox 2050 605 2362 1573">
     <span class='ocr_line' id='line_1_41' title="bbox 2050 619 2348 702; baseline -0.022 -1"><span class='ocrx_word' id='word_1_378' title='bbox 2050 623 2088 702; x_wconf 88' lang='lat' dir='ltr'>iu</span> <span class='ocrx_word' id='word_1_379' title='bbox 2122 619 2348 699; x_wconf 89' lang='lat' dir='ltr'>detrimontur</span> 
     </span>
     <span class='ocr_line' id='line_1_42' title="bbox 2053 731 2350 830; baseline -0.023 -21"><span class='ocrx_word' id='word_1_380' title='bbox 2053 731 2350 830; x_wconf 56' lang='lat' dir='ltr'>supranominati!</span> 
     </span>
     <span class='ocr_line' id='line_1_43' title="bbox 2052 839 2350 918; baseline -0.032 0"><span class='ocrx_word' id='word_1_381' title='bbox 2052 849 2172 918; x_wconf 90' lang='lat' dir='ltr'>nostre</span> <span class='ocrx_word' id='word_1_382' title='bbox 2195 839 2350 912; x_wconf 91' lang='lat' dir='ltr'>diliinici</span> 
     </span>
     <span class='ocr_line' id='line_1_44' title="bbox 2054 951 2354 1045; baseline -0.027 -21"><span class='ocrx_word' id='word_1_383' title='bbox 2054 951 2227 1024; x_wconf 83' lang='lat' dir='ltr'>currentis</span> <span class='ocrx_word' id='word_1_384' title='bbox 2251 963 2354 1045; x_wconf 70' lang='lat' dir='ltr'>mona</span> 
     </span>
     <span class='ocr_line' id='line_1_45' title="bbox 2054 1054 2355 1152; baseline -0.027 -20"><span class='ocrx_word' id='word_1_385' title='bbox 2054 1065 2097 1132; x_wconf 90' lang='lat' dir='ltr'>ut</span> <span class='ocrx_word' id='word_1_386' title='bbox 2117 1054 2355 1152; x_wconf 60' lang='lat' dir='ltr'>premittitur,fi</span> 
     </span>
     <span class='ocr_line' id='line_1_46' title="bbox 2055 1167 2357 1261; baseline -0.023 -21"><span class='ocrx_word' id='word_1_387' title='bbox 2055 1172 2180 1241; x_wconf 88' lang='lat' dir='ltr'>natum</span> <span class='ocrx_word' id='word_1_388' title='bbox 2203 1167 2320 1237; x_wconf 88' lang='lat' dir='ltr'>ratum</span> <span class='ocrx_word' id='word_1_389' title='bbox 2350 1186 2357 1261; x_wconf 72' lang='lat' dir='ltr'>t</span> 
     </span>
     <span class='ocr_line' id='line_1_47' title="bbox 2054 1269 2356 1376; baseline -0.036 -28"><span class='ocrx_word' id='word_1_390' title='bbox 2054 1275 2145 1348; x_wconf 89' lang='lat' dir='ltr'>biles</span> <span class='ocrx_word' id='word_1_391' title='bbox 2169 1269 2356 1376; x_wconf 59' lang='lat' dir='ltr'>Stanislari</span> 
     </span>
     <span class='ocr_line' id='line_1_48' title="bbox 2056 1379 2360 1503; baseline -0.023 -47"><span class='ocrx_word' id='word_1_392' title='bbox 2056 1385 2135 1476; x_wconf 87' lang='lat' dir='ltr'>terij</span> <span class='ocrx_word' id='word_1_393' title='bbox 2160 1385 2198 1454; x_wconf 92' lang='lat' dir='ltr'>in</span> <span class='ocrx_word' id='word_1_394' title='bbox 2221 1379 2360 1503; x_wconf 50' lang='lat' dir='ltr'>Lutto*</span> 
     </span>
     <span class='ocr_line' id='line_1_49' title="bbox 2059 1487 2360 1573; baseline -0.03 -8"><span class='ocrx_word' id='word_1_395' title='bbox 2059 1493 2147 1565; x_wconf 92' lang='lat' dir='ltr'>mini</span> <span class='ocrx_word' id='word_1_396' title='bbox 2187 1487 2335 1570; x_wconf 89' lang='lat' dir='ltr'>abbatis,</span> <span class='ocrx_word' id='word_1_397' title='bbox 2352 1500 2360 1573; x_wconf 70' lang='grc' dir='ltr'>ς’</span> 
     </span>
    </p>
   </div>
   <div class='ocr_carea' id='block_1_14' title="bbox 2060 1597 2338 1686">
    <p class='ocr_par' dir='ltr' id='par_1_14' title="bbox 2060 1597 2338 1686">
     <span class='ocr_line' id='line_1_50' title="bbox 2060 1597 2338 1686; baseline -0.029 0"><span class='ocrx_word' id='word_1_398' title='bbox 2060 1597 2338 1686; x_wconf 58' lang='lat' dir='ltr'>&amp;meltum</span> 
     </span>
    </p>
   </div>
   <div class='ocr_carea' id='block_1_15' title="bbox 2023 1705 2357 1806">
    <p class='ocr_par' dir='ltr' id='par_1_15' title="bbox 2023 1705 2357 1806">
     <span class='ocr_line' id='line_1_51' title="bbox 2023 1705 2357 1806; baseline -0.024 -26"><span class='ocrx_word' id='word_1_399' title='bbox 2023 1705 2034 1806; x_wconf 38' lang='lat'>¹.</span> <span class='ocrx_word' id='word_1_400' title='bbox 2060 1705 2273 1780; x_wconf 83' lang='lat' dir='ltr'>karethoncs</span> <span class='ocrx_word' id='word_1_401' title='bbox 2298 1721 2357 1774; x_wconf 86' lang='lat' dir='ltr'>ex.</span> 
     </span>
    </p>
   </div>
   <div class='ocr_carea' id='block_1_16' title="bbox 2061 1821 2362 3398">
    <p class='ocr_par' dir='ltr' id='par_1_16' title="bbox 2061 1821 2349 2333">
     <span class='ocr_line' id='line_1_52' title="bbox 2061 1821 2337 1902; baseline -0.022 -15"><span class='ocrx_word' id='word_1_402' title='bbox 2061 1821 2292 1902; x_wconf 85' lang='lat' dir='ltr'>utrarumque</span> <span class='ocrx_word' id='word_1_403' title='bbox 2315 1830 2337 1902; x_wconf 97' lang='lat' dir='ltr'>p</span> 
     </span>
     <span class='ocr_line' id='line_1_53' title="bbox 2061 1919 2332 2011; baseline -0.022 -17"><span class='ocrx_word' id='word_1_404' title='bbox 2061 1923 2244 2011; x_wconf 85' lang='lat' dir='ltr'>bonasque</span> <span class='ocrx_word' id='word_1_405' title='bbox 2275 1919 2332 2010; x_wconf 89' lang='lat' dir='ltr'>ips</span> 
     </span>
     <span class='ocr_line' id='line_1_54' title="bbox 2062 2025 2349 2114; baseline -0.024 -12"><span class='ocrx_word' id='word_1_406' title='bbox 2062 2029 2199 2114; x_wconf 85' lang='lat' dir='ltr'>dentes,</span> <span class='ocrx_word' id='word_1_407' title='bbox 2233 2025 2349 2099; x_wconf 89' lang='lat' dir='ltr'>deliba</span> 
     </span>
     <span class='ocr_line' id='line_1_55' title="bbox 2062 2134 2347 2221; baseline -0.032 -9"><span class='ocrx_word' id='word_1_408' title='bbox 2062 2134 2347 2221; x_wconf 46' lang='lat' dir='ltr'>luclinatlflute</span> 
     </span>
     <span class='ocr_line' id='line_1_56' title="bbox 2065 2261 2310 2333; baseline -0.024 -13"><span class='ocrx_word' id='word_1_409' title='bbox 2065 2265 2205 2329; x_wconf 89' lang='lat' dir='ltr'>causas,</span> <span class='ocrx_word' id='word_1_410' title='bbox 2239 2261 2310 2333; x_wconf 88' lang='lat' dir='ltr'>qna</span> 
     </span>
    </p>

    <p class='ocr_par' dir='ltr' id='par_1_17' title="bbox 2065 2350 2342 2769">
     <span class='ocr_line' id='line_1_57' title="bbox 2066 2350 2342 2447; baseline -0.022 -21"><span class='ocrx_word' id='word_1_411' title='bbox 2066 2350 2342 2447; x_wconf 82' lang='lat' dir='ltr'>composuimus,</span> 
     </span>
     <span class='ocr_line' id='line_1_58' title="bbox 2065 2453 2337 2549; baseline -0.022 -15"><span class='ocrx_word' id='word_1_412' title='bbox 2065 2461 2212 2546; x_wconf 83' lang='lat' dir='ltr'>scilicet,</span> <span class='ocrx_word' id='word_1_413' title='bbox 2241 2453 2337 2549; x_wconf 88' lang='lat' dir='ltr'>quod</span> 
     </span>
     <span class='ocr_line' id='line_1_59' title="bbox 2068 2564 2338 2656; baseline -0.03 -13"><span class='ocrx_word' id='word_1_414' title='bbox 2068 2569 2198 2643; x_wconf 87' lang='lat' dir='ltr'>reuerti</span> <span class='ocrx_word' id='word_1_415' title='bbox 2232 2571 2269 2638; x_wconf 90' lang='lat' dir='ltr'>et</span> <span class='ocrx_word' id='word_1_416' title='bbox 2301 2564 2338 2656; x_wconf 93' lang='lat' dir='ltr'>ip</span> 
     </span>
     <span class='ocr_line' id='line_1_60' title="bbox 2071 2671 2308 2769; baseline -0.021 -20"><span class='ocrx_word' id='word_1_417' title='bbox 2071 2671 2308 2769; x_wconf 85' lang='lat' dir='ltr'>quemadmod</span> 
     </span>
    </p>

    <p class='ocr_par' dir='ltr' id='par_1_18' title="bbox 2068 2780 2362 3398">
     <span class='ocr_line' id='line_1_61' title="bbox 2068 2780 2333 2858; baseline -0.026 0"><span class='ocrx_word' id='word_1_418' title='bbox 2068 2782 2267 2858; x_wconf 88' lang='lat' dir='ltr'>secundum</span> <span class='ocrx_word' id='word_1_419' title='bbox 2288 2780 2333 2851; x_wconf 91' lang='lat' dir='ltr'>be</span> 
     </span>
     <span class='ocr_line' id='line_1_62' title="bbox 2068 2889 2335 2980; baseline -0.034 -13"><span class='ocrx_word' id='word_1_420' title='bbox 2068 2889 2254 2967; x_wconf 84' lang='lat' dir='ltr'>Daetrnicb</span> <span class='ocrx_word' id='word_1_421' title='bbox 2272 2907 2335 2980; x_wconf 90' lang='lat' dir='ltr'>sep</span> 
     </span>
     <span class='ocr_line' id='line_1_63' title="bbox 2070 2997 2335 3076; baseline -0.023 -2"><span class='ocrx_word' id='word_1_422' title='bbox 2070 3021 2135 3076; x_wconf 88' lang='lat' dir='ltr'>sen</span> <span class='ocrx_word' id='word_1_423' title='bbox 2157 2997 2335 3072; x_wconf 89' lang='lat' dir='ltr'>mensuris</span> 
     </span>
     <span class='ocr_line' id='line_1_64' title="bbox 2070 3063 2362 3192; baseline -0.024 -9"><span class='ocrx_word' id='word_1_424' title='bbox 2070 3107 2239 3192; x_wconf 90' lang='lat' dir='ltr'>nandum,</span> <span class='ocrx_word' id='word_1_425' title='bbox 2274 3063 2362 3176; x_wconf 71' lang='lat' dir='ltr'>onai</span> 
     </span>
     <span class='ocr_line' id='line_1_65' title="bbox 2071 3215 2362 3291; baseline -0.031 0"><span class='ocrx_word' id='word_1_426' title='bbox 2071 3215 2254 3291; x_wconf 86' lang='lat' dir='ltr'>Michaelis</span> <span class='ocrx_word' id='word_1_427' title='bbox 2288 3215 2325 3284; x_wconf 90' lang='lat' dir='ltr'>et</span> <span class='ocrx_word' id='word_1_428' title='bbox 2359 3231 2362 3246; x_wconf 69' lang='lat'><strong><em>⁴</em></strong></span> 
     </span>
     <span class='ocr_line' id='line_1_66' title="bbox 2073 3319 2362 3398; baseline -0.031 0"><span class='ocrx_word' id='word_1_429' title='bbox 2073 3346 2156 3398; x_wconf 91' lang='lat' dir='ltr'>cum</span> <span class='ocrx_word' id='word_1_430' title='bbox 2177 3323 2246 3396; x_wconf 95' lang='lat' dir='ltr'>hoc</span> <span class='ocrx_word' id='word_1_431' title='bbox 2268 3319 2362 3392; x_wconf 89' lang='lat' dir='ltr'>idem</span> 
     </span>
    </p>
   </div>
   <div class='ocr_carea' id='block_1_17' title="bbox 0 0 2390 6356">
    <p class='ocr_par' dir='ltr' id='par_1_19' title="bbox 0 0 2390 6356">
     <span class='ocr_line' id='line_1_67' title="bbox 0 0 2390 6356; baseline 0 0"><span class='ocrx_word' id='word_1_432' title='bbox 0 0 2390 6356; x_wconf 95' lang='lat' dir='ltr'> </span> 
     </span>
    </p>
   </div>
  </div>
 </body>
</html>
