4734 6356
293 443 402 554 ra¹

293 641 331 709 et
361 641 550 730 pmpterea
584 635 835 710 commendam
870 641 907 707 et
929 637 1212 730 prorogationem
1249 635 1428 727 predictas
1462 635 1654 706 eorirndem
1684 635 1838 708 fratrum

293 745 442 818 consilio
476 749 700 830 reuocantes,
736 749 865 830 eastra,
900 745 1004 830 bona,
1041 747 1189 828 fructus,
1222 743 1393 828 redditus,
1428 751 1634 836 prouentus,
1667 737 1836 829 decimas,

293 852 539 938 obueniiones,
572 852 836 925 iurisdictiones
861 857 896 926 et
919 855 998 926 iura
1033 853 1103 924 alia
1133 851 1295 943 predicta
1331 850 1378 924 ud
1415 853 1473 922 ius
1512 857 1547 923 et
1584 853 1837 944 proprietatem

293 961 444 1032 ecclesie
467 963 504 1032 et
531 979 657 1032 mense
685 961 997 1054 archiepiscopalis
1027 961 1244 1033 Gnennensis
1268 958 1507 1052 predictarum
1532 957 1657 1030 eadem
1678 961 1837 1032 auetori-

292 1073 367 1140 tate
397 1066 677 1140 reduxissemus.
724 1067 798 1140 Nos
826 1069 1055 1162 postmodum
1084 1067 1307 1158 qarorundanr
1337 1067 1627 1157 suggestionibus
1651 1071 1687 1139 et
1709 1068 1837 1160 impor-

293 1177 390 1248 tunis
425 1176 617 1266 instancijs
651 1175 860 1269 propulsati,
894 1175 1152 1249 'commendam
1183 1175 1382 1268 predictum
1415 1195 1530 1265 usque
1564 1174 1610 1246 ad
1645 1176 1837 1246 terminum

291 1285 368 1355 uita
390 1283 522 1376 prelati
544 1283 713 1355 Iohannis
743 1285 900 1378 episcopi
928 1286 967 1356 in
993 1285 1052 1356 sul
1081 1283 1216 1355 roboris
1246 1283 1418 1355 iirmitate
1440 1281 1620 1355 noluimus
1642 1301 1838 1368 remanere,

292 1410 417 1464 euram
441 1395 477 1462 et
517 1389 865 1466 administrationem
903 1393 1047 1486 pionem
1086 1395 1122 1462 et
1159 1392 1363 1480 generalem
1402 1393 1610 1476 aserenam,
1653 1391 1837 1478 bonorum,

292 1498 490 1584 fructuum,
514 1498 729 1583 reddituum,
753 1507 1004 1592 pmuentuum,
1032 1498 1262 1583 decimarum,
1294 1499 1548 1570 obuentienum
1571 1503 1607 1570 et
1629 1497 1839 1570 iurisdictio·

193 1593 201 1605 '
291 1627 380 1678 num
410 1605 654 1699 predictorum
683 1605 799 1680 eidem
829 1608 978 1680 Iohanni
1002 1609 1167 1700 episeopo
1203 1605 1248 1678 de
1270 1625 1363 1678 nouo
1388 1605 1637 1690 commitendo,
1671 1609 1778 1698 prout
1798 1606 1838 1678 in
1891 1649 1895 1658 ·

240 1701 243 1710 ’
280 1714 446 1786 ⁴diuersis
476 1715 609 1785 nostris
637 1712 720 1786 inde
750 1715 922 1788 coniectis
945 1717 1084 1799 litteris,
1114 1733 1267 1805 quarum
1294 1719 1434 1786 tenores
1457 1713 1682 1806 presentibus
1705 1712 1837 1786 habere

291 1820 462 1894 uolumus
484 1841 549 1914 pre
574 1824 763 1914 expressis,
786 1823 927 1916 plenius
952 1823 1188 1894 continentur.
1222 1821 1312 1893 Cum
1336 1827 1467 1906 autem,
1492 1824 1586 1894 sicut
1609 1821 1656 1892 ad
1678 1825 1838 1893 nostram

291 1951 407 2024 nuper
441 1927 708 2020 fidedignerum
734 1930 918 2027 relatibus,
944 1930 1138 2002 deductum
1175 1930 1245 2002 iuit
1278 1931 1453 2016 notitiam,
1486 1930 1662 2022 separatio
1685 1934 1721 2002 et
1744 1949 1837 2002 com·

294 2036 428 2110 menda
463 2037 623 2130 predicte
658 2039 697 2110 in
728 2058 877 2129 grauem
912 2042 1072 2132 ipsarum
1108 2036 1259 2109 ecclesie
1293 2043 1330 2108 et
1367 2057 1489 2109 mense
1525 2036 1836 2130 archiepiscopalis

165 2229 170 2236 ,
293 2145 560 2240 Gneznensium
593 2143 766 2218 lesionem
796 2167 838 2219 ao
865 2145 1116 2220 nonmodicam
1140 2145 1301 2216 eiusdem
1323 2143 1549 2237 Dobrogestij
1580 2143 1837 2237 archiepiscopi

291 2257 329 2324 ei
366 2251 623 2326 iurisdictionis
667 2275 732 2325 sue
771 2253 1025 2327 detrimentum
1062 2273 1212 2347 uergere
1250 2251 1491 2336 dinoscantur,
1534 2272 1599 2324 nos
1643 2251 1836 2324 earundem

292 2360 445 2462 ecclesie
478 2366 514 2434 et
543 2381 668 2433 mense
692 2361 1004 2457 archiepiscopalis
1030 2362 1294 2434 Gneznensium
1317 2359 1622 2444 indemnitatibus,
1655 2367 1761 2452 pmut
1794 2379 1837 2433 ex

290 2471 450 2562 suscepti
494 2469 715 2562 apostolatus
758 2470 880 2542 oiiieie
924 2475 1097 2554 tenemur,
1144 2468 1328 2540 consulere
1368 2487 1410 2540 ae
1448 2466 1564 2540 eidem
1601 2465 1836 2559 Dobrogestio

291 2576 559 2671 archiepiscopo
588 2579 631 2648 in
665 2579 851 2671 premissis
885 2583 1035 2670 paterna
1069 2575 1294 2648 solicitudine
1323 2574 1511 2668 pmuidere
1532 2574 1703 2660 uolentes,
1737 2582 1836 2648 motu

289 2687 431 2777 proprio
461 2704 532 2757 non
561 2684 607 2756 ad
637 2686 751 2778 ipsius
780 2685 1007 2777 Dobrogestij
1041 2684 1300 2776 archiepiscopi
1325 2683 1384 2756 uei
1408 2683 1554 2755 alterirm
1580 2703 1645 2776 pro
1668 2703 1709 2755 eo
1733 2682 1836 2756 nobis

289 2812 399 2886 super
428 2791 497 2864 hoc
534 2791 652 2864 oblate
675 2795 860 2886 petitionis
893 2795 1114 2878 instantiam,
1152 2793 1218 2864 sed
1256 2791 1300 2864 de
1339 2795 1461 2864 nostra
1493 2811 1591 2863 mera
1625 2791 1836 2863 liberalitate
1942 2806 1943 2809 ’

289 2903 564 2992 separatienem,
599 2901 857 2987 liberationem,
892 2903 1182 2996 reseruationem,
1217 2900 1465 2973 commendam
1493 2905 1529 2971 et
1550 2901 1835 2991 prorogationem

288 3006 469 3100 predictas
494 3029 537 3080 ae
559 3009 698 3080 litteras
722 3029 967 3100 quascumque
996 3009 1113 3081 eidem
1139 3008 1289 3081 Iohanni
1312 3010 1477 3102 episcopo
1502 3027 1609 3100 super
1631 3007 1838 3080 huiusmodi

289 3114 506 3189 commenda
529 3117 597 3188 sub
622 3137 848 3208 quacumque
879 3118 995 3190 iorma
1018 3118 1076 3190 uei
1100 3119 1328 3210 expressione
1350 3114 1542 3188 uerborum
1565 3136 1764 3202 concessas,
1796 3137 1839 3189 ex

289 3225 476 3314 premissis
501 3230 537 3297 ct
560 3225 642 3318 aiijs
665 3225 936 3298 rationabilibus
972 3227 1101 3311 causis,
1138 3223 1184 3298 ad
1216 3224 1254 3296 id
1287 3229 1450 3297 nestrum
1468 3223 1732 3297 'inducentibus
1766 3226 1838 3297 ani·

293 3351 405 3415 mum,
430 3335 643 3405 auctoritate
666 3332 828 3425 predicta
850 3337 972 3405 tenure
1001 3335 1223 3426 presentium
1247 3351 1290 3404 ex
1323 3337 1420 3406 ceria
1449 3335 1587 3405 scentia
1614 3353 1837 3418 reuocamus,

290 3459 478 3512 cassamus
502 3445 539 3512 et
561 3443 744 3513 irritamus
769 3461 812 3513 ae
835 3441 968 3513 nuliius
993 3462 1072 3512 esse
1095 3442 1264 3514 uolumus
1287 3440 1423 3513 roboris
1458 3441 1518 3512 uei
1551 3443 1732 3525 momenti,
1762 3461 1838 3532 pre·

292 3546 390 3618 dicta
424 3553 553 3634 castra,
588 3549 697 3642 bona,
735 3549 886 3632 iruetus,
929 3549 1101 3634 redditus,
1138 3553 1344 3642 prouentus,
1389 3548 1558 3634 decimas,
1596 3549 1838 3634 abuentiones,

292 3659 330 3726 ei
352 3655 425 3728 alia
458 3658 539 3727 iura
573 3657 620 3729 ad
649 3659 705 3728 ius
742 3660 778 3727 et
815 3659 1071 3750 proprietatem
1110 3658 1259 3729 ecclesie
1301 3662 1337 3729 et
1375 3677 1499 3728 mense
1528 3656 1839 3750 archiepiscopalis

291 3761 558 3836 Gneznensium
580 3763 823 3857 predictarum
843 3785 982 3837 necnon
998 3765 1044 3836 ad
1067 3766 1336 3850 subiectionem,
1359 3765 1642 3838 iurisdictionem
1666 3769 1702 3836 et
1723 3768 1839 3857 potes·

290 3875 403 3942 tatem
426 3872 557 3964 prciati
580 3873 809 3964 Dobrogostij
836 3877 872 3944 et
894 3892 1145 3946 successorum
1169 3893 1327 3958 suorum,
1359 3873 1706 3966 archiepiscoporum
1729 3873 1839 3947 Gneu-

290 3981 469 4066 nensium,
509 3983 572 4072 qui
609 3985 714 4052 amnt
747 4000 810 4074 pro
846 3986 1016 4073 tempore,
1050 3980 1175 4053 eadem
1213 3984 1423 4054 auctoritaie
1452 3983 1612 4074 plenaria
1633 3981 1838 4054 reducimus

182 4170 187 4179 ¹
290 4107 356 4180 per
393 4095 589 4180 presentes,
629 4089 849 4182 prelatisque
885 4093 921 4159 et
959 4090 1232 4180 quibuscunque
1270 4091 1351 4182 aiijs
1374 4091 1503 4162 litteris
1542 4089 1658 4161 eidem
1691 4089 1839 4161 iohanni

293 4197 460 4288 episeopo
484 4217 593 4289 super
625 4195 831 4269 huiusmodi
866 4196 1079 4268 commenda
1102 4199 1294 4283 concessis,
1329 4199 1361 4270 si
1386 4218 1454 4288 que
1479 4201 1674 4290 appareant
1696 4196 1740 4268 de
1763 4216 1838 4289 pre·

289 4305 384 4374 senti
423 4306 482 4375 uel
516 4306 741 4397 apparebunt
782 4307 820 4376 in
856 4305 1030 4390 iuturum,
1073 4308 1110 4378 in
1145 4305 1276 4377 iudicio
1311 4307 1370 4378 uel
1406 4311 1506 4377 extra
1539 4305 1720 4390 iudicium,
1763 4305 1839 4376 ubi·

290 4431 433 4502 cunque
457 4411 614 4484 exhibite
646 4414 780 4484 fuerint
803 4413 860 4483 uel
886 4417 1039 4498 ostense,
1074 4415 1211 4486 nuliam
1235 4416 1378 4506 penitus
1402 4415 1569 4486 uolumus
1600 4413 1710 4485 sidem
1741 4413 1839 4484 adhi-

290 4518 377 4604 beri,
408 4520 722 4592 constitutionibus
747 4521 951 4612 apestoiicis
976 4527 1012 4592 et
1035 4523 1116 4614 alijs
1141 4525 1329 4614 eontrarijs
1354 4543 1423 4594 non
1448 4522 1671 4594 obstantibus
1695 4521 1839 4612 quibus·

290 4647 442 4718 cunque.
489 4627 564 4700 Nos
593 4631 742 4721 insuper
764 4648 904 4700 exnunc
928 4631 1069 4701 irritum
1094 4630 1319 4701 decernimus
1344 4634 1381 4702 et
1402 4631 1518 4715 inane,
1549 4631 1580 4700 si
1603 4649 1708 4700 secus
1732 4648 1840 4721 super

285 4735 361 4828 hijs
385 4757 408 4808 a
429 4757 611 4827 oeroquam
636 4738 763 4826 queuis
780 4739 991 4808 auctoritate
1005 4740 1159 4811 scienter
1180 4739 1240 4809 uei
1256 4741 1460 4827 ignoranter
1480 4739 1667 4828 contigerit
1691 4741 1839 4829 attemp-

285 4845 365 4914 tari.
412 4843 508 4916 Nulli
539 4866 623 4936 ergo
655 4847 773 4915 emino
808 4844 994 4918 hominurn
1034 4848 1139 4918 liceat
1175 4846 1269 4918 banc
1302 4850 1471 4938 paginam
1503 4851 1622 4917 nostre
1645 4847 1838 4917 reuocatio·

289 4953 359 5035 nis
384 4954 606 5037 cassationis,
637 4954 854 5037 irritationis
888 4953 1117 5038 reductionis
1149 4957 1414 5026 constitutionis
1439 4959 1474 5025 et
1497 4955 1692 5025 uoluntatis
1715 4953 1838 5025 inirin-

286 5078 374 5148 gere
397 5060 455 5130 uel
479 5062 512 5132 ei
534 5080 630 5132 ausu
653 5063 842 5132 temerario
873 5065 1063 5147 contraire
1098 5066 1129 5134 si
1154 5065 1234 5152 spuis
1271 5069 1391 5134 autem
1426 5063 1494 5133 boe
1518 5067 1730 5153 attemptare
1763 5081 1838 5154 pre·

288 5169 495 5260 sumpserit,
532 5167 816 5258 indignationem
852 5171 1106 5261 omnipotentis
1142 5172 1208 5242 Dei
1246 5176 1282 5242 et
1315 5173 1501 5244 beatomm
1540 5169 1633 5240 Petri
1669 5174 1703 5240 et
1739 5169 1839 5241 Pauli

192 5343 196 5348 .
291 5275 535 5366 apostolerum
571 5279 648 5347 eius
684 5297 723 5346 se
758 5280 898 5348 norrerit
932 5281 1171 5349 incursunrm.
1220 5281 1353 5350 Delum
1394 5279 1503 5349 Rome
1543 5277 1638 5368 apud
1672 5282 1838 5348 sanetum

283 5383 435 5457 Petrum
461 5383 575 5456 xllll
599 5383 772 5458 kalendas
806 5385 1001 5482 liebruarij,
1036 5389 1267 5480 pontificatus
1299 5389 1411 5460 nostri
1435 5406 1526 5457 aurio
1551 5385 1770 5458 duodecimo.
1794 5425 1839 5437 -

2053 639 2090 712 C.
2115 637 2158 710 de
2188 607 2360 725 blontepoi

1977 742 1980 748 ’
2051 767 2154 841 pape.
2199 743 2238 816 L.
2262 741 2307 814 de
2330 737 2361 812 Τ.

2214 860 2364 1030 sami

2053 1051 2124 1122 eno
2144 1049 2194 1123 or.
2212 1049 2287 1120 aar).
2323 1044 2366 1156 re2

2057 1453 2110 1523 li.
2158 1448 2256 1517 1401.
2280 1439 2365 1555 die¹

2048 1731 2053 1742 ,
2166 1679 2195 1739 ,·
2217 1652 2367 1742 Praene

2058 1769 2193 1844 iactam
2214 1764 2363 1838 villum.

2220 1980 2295 2053 Ver
2332 1997 2355 2049 a

2057 2093 2221 2167 bekenna
2250 2087 2325 2186 &nir

2059 2200 2227 2283 Broslow,
2252 2193 2328 2269 an

2060 2305 2217 2390 Gunczii,
2240 2299 2358 2396 nyen-

2061 2435 2126 2488 vor
2147 2433 2215 2485 vns
2238 2411 2362 2484 keme

2062 2523 2209 2597 Ciestirs
2232 2513 2366 2590 caum}

2062 2628 2302 2710 bekentnissn
2331 2622 2355 2694 b

2061 2740 2131 2829 bey
2153 2737 2242 2808 hern
2264 2729 2346 2806 And

2063 2848 2232 2919 nvemten
2266 2840 2367 2912 elosi

1999 2961 2000 2964 ‘
2063 2971 2190 3026 meren
2223 2945 2297 3020 und
2330 2965 2356 3035 g

2065 3061 2176 3134 habin
2198 3059 2264 3128 wir
2295 3054 2360 3125 bes

2069 3169 2115 3242 he
2137 3185 2208 3238 von
2230 3161 2364 3254 gebot‘

2070 3275 2211 3367 gramen
2233 3271 2301 3343 mit
2322 3288 2366 3358 g·-

2070 3383 2163 3455 erbir
2184 3379 2291 3463 laute,
2327 3373 2367 3446 d·

2069 3491 2175 3580 heyst
2208 3486 2271 3557 der
2323 3495 2333 3517 ’

2071 3597 2136 3670 das
2160 3595 2265 3668 dritta
2281 3591 2343 3663 beil

2068 3709 2159 3777 wart
2181 3701 2219 3775 el
2241 3698 2344 3773 andir

2069 3812 2140 3884 den
2162 3808 2280 3901 teyien
2303 3825 2359 3877 we

2073 3920 2138 3992 das
2173 3917 2330 4008 goborte.

2072 4028 2163 4098 iosin
2179 4023 2323 4112 hengin.
2357 4029 2367 4083 Ι

2070 4138 2130 4226 jar
2153 4132 2198 4204 do
2220 4129 2315 4203 noeb
2336 4129 2366 4200 i·

2236 4315 2345 4416 orygis

2077 4767 2129 4835 12.
2179 4764 2279 4832 1401.
2304 4756 2362 4828 die

2237 4975 2362 5045 Praec

2079 5085 2211 5157 iactam
2236 5085 2328 5154 inter

2125 5326 2129 5336 ·
2239 5279 2313 5350 Vor
2357 5308 2361 5339 =

2080 5388 2266 5461 bekcnnen
2303 5387 2348 5456 wi
