4714 6364
378 274 446 342 20⁰
575 355 576 360 r

381 467 545 543 Andreas
580 471 788 564 principalis
820 490 903 544 cum
939 471 1015 544 suis
1039 469 1294 545 irmethonibus
1326 472 1361 545 in
1396 473 1586 556 Siccrzeroo,
1622 493 1730 566 quam
1752 473 1912 562 Nicolaui

247 591 256 606 ·
380 577 572 658 iideiusscr
595 583 632 650 ct
654 581 769 671 ipsius
792 580 958 669 lomttimi
982 599 1207 652 successores
1232 582 1363 652 nostu's
1383 583 1764 654 excommunicacionis
1780 593 1912 670 centon.

379 687 448 780 cijs
471 689 508 759 et
530 707 780 760 successorum
804 691 1006 762 nostrorum
1023 689 1183 759 censuris
1204 688 1440 760 subdiderunt
1454 688 1593 760 soluens
1611 688 1748 761 dictum
1771 701 1912 780 censum

263 869 266 879 ,
380 795 418 868 in
448 794 541 866 icsto
573 793 783 868 Natiuitatis
813 795 946 868 Christi
984 796 1133 868 ecclesio
1167 799 1203 866 et
1238 796 1394 887 capitulo
1427 795 1671 882 Poauaniensi,
1703 799 1755 868 ita
1787 805 1911 898 tamen,

279 939 282 946 ·
379 901 476 993 quod
499 901 617 974 dictus
647 903 810 977 Andreas
845 906 883 976 in
917 901 1077 996 predicto
1110 902 1203 974 iasto
1236 903 1443 976 Natiuitatis
1476 903 1608 976 Christi
1642 923 1790 984 consaun
1812 916 1912 990 vuius

380 1029 501 1081 marce
523 1009 640 1084 soluto
674 1013 843 1106 primitus
866 1031 979 1084 censu
1010 1014 1048 1084 in
1083 1013 1245 1096 termino,
1284 1031 1367 1084 cum
1402 1011 1527 1084 decern
1561 1013 1692 1083 marcis
1728 1021 1912 1110 reemendi

380 1136 492 1208 sequa
514 1122 551 1190 et
572 1118 824 1193 iidaiusscrem
847 1118 1023 1192 liberandi
1045 1118 1191 1191 habebit
1212 1118 1455 1191 omnimodam
1484 1124 1707 1212 potestatem.
1753 1119 1794 1192 ln
1816 1129 1913 1201 ciuus

380 1227 432 1296 rai
456 1227 704 1299 testimonium
735 1231 899 1300 nostrum
933 1230 970 1298 et
1005 1225 1181 1299 diciorum
1203 1225 1348 1298 Andrec
1378 1227 1586 1320 principalis
1610 1231 1647 1299 et
1667 1225 1804 1300 Nicciui
1833 1231 1913 1308 ilde·

380 1333 530 1406 iussoris
557 1334 678 1424 sigilla
706 1335 932 1428 presentibus
963 1339 1049 1430 sunt
1079 1353 1245 1428 appensa.
1292 1336 1425 1406 Actum
1457 1339 1493 1405 et
1523 1333 1647 1406 datum
1679 1332 1853 1410 Poananic
1880 1345 1913 1419 in

380 1440 486 1513 domo
509 1439 748 1515 habitacionis
770 1447 901 1528 nostra,
928 1442 1019 1516 feria
1042 1447 1143 1514 sexta
1166 1447 1248 1514 ante
1272 1440 1369 1514 diem
1396 1446 1520 1514 sancte
1542 1443 1704 1532 Agnetis,
1735 1443 1802 1515 sub
1826 1465 1913 1524 anno

239 1617 247 1630 .
379 1548 527 1620 Domini
555 1549 608 1622 Μο
640 1549 768 1623 00000
799 1551 903 1623 xuu.
950 1550 1178 1623 Prcsentibus
1213 1549 1379 1622 discretis
1409 1555 1451 1640 ct
1487 1549 1596 1621 nobili
1618 1552 1715 1634 viris,
1751 1549 1913 1632 dominis:
1942 1608 1946 1617 -

379 1654 537 1729 lohanne
560 1657 762 1749 Choynicaa
785 1664 823 1731 et
842 1657 989 1730 Nicoiao
1012 1647 1110 1730 Parii
1131 1659 1288 1750 vicarijs,
1311 1657 1469 1730 iohanne
1492 1657 1654 1730 citarista
1676 1656 1915 1738 Poznanieusi·

333 1797 336 1802 ·
381 1763 451 1837 bus
474 1769 512 1836 et
532 1763 691 1840 Iohanne
714 1765 760 1840 de
781 1770 905 1839 Ladae
928 1764 1070 1852 herede,
1094 1761 1246 1838 testibus
1271 1765 1367 1838 circa
1388 1767 1575 1860 promissa

543 1961 711 2022 Dokumcnt
728 1965 946 2038 marciam,
964 1961 1164 2037 pnechonany
1183 1980 1208 2021 rr
1227 1961 1380 2020 achim
1399 1961 1529 2038 kapituiy
1541 1941 1713 2034 katedraindj
1733 1964 1916 2041 pozasriskisj,

238 2055 245 2064 “
381 2057 535 2126 opatraony
566 2053 617 2126 byi
648 2053 823 2128 pimenio.
845 2059 951 2111 mama
985 2053 1173 2128 piscaeciami
1211 2071 1250 2111 na
1281 2052 1408 2127 puahoh
1438 2051 1684 2127 purgaminoaych
1716 2053 1914 2118 uwiecwmni

361 2141 520 2200 riom
537 2141 746 2218 podiugovata,
764 2161 790 2200 rr
807 2144 948 2216 manaym
967 2141 1130 2216 wyminiata
1146 2143 1253 2212 miro,
1279 2142 1425 2216 nonna
1451 2143 1611 2200 ukcnnih
1628 2142 1791 2216 kiecrscego
1808 2160 1834 2199 rr
1850 2145 1916 2207 lenc

379 2233 570 2306 ιπόωῃοςο,
596 2233 802 2307 haymajqcego
819 2231 1003 2308 pcdniesicns
1020 2230 1058 2290 do
1075 2233 1145 2306 gdry
1163 2232 1269 2306 kaim,
1287 2249 1326 2290 na
1343 2233 1432 2302 hidrei
1458 2229 1544 2290 ricdai
1570 2231 1643 2289 cruci
1661 2249 1677 2288 a
1695 2231 1820 2290 nimbcrn
1837 2233 1916 2294 okuo

380 2321 481 2394 gion.
518 2320 610 2381 Pned
628 2322 789 2396 kioceqcym
806 2321 1004 2380 anironnikiem
1023 2329 1117 2380 tsrczs
1132 2321 1272 2390 harbona,
1300 2321 1507 2396 wpobratnjaca
1523 2319 1670 2396 pomieday
1697 2319 1807 2380 daroma
1823 2322 1914 2384 criemi

352 2475 356 2483 Ι
380 2409 552 2484 chrydiami
566 2411 712 2470 biiz'uierni
721 2411 785 2470 dna
796 2413 939 2470 cstrzenic
952 2431 979 2468 w
991 2411 1057 2486 siup
1070 2411 1121 2469 boa
1134 2411 1236 2481 scida.
1272 2412 1326 2469 Tio
1338 2411 1468 2469 niciano
1482 2411 1648 2484 gaiukmni.
1675 2410 1712 2468 W
1725 2409 1813 2468 otoku
1826 2414 1915 2488 napis:

379 2543 384 2550 .
584 2501 761 2561 SIGILUM.
780 2501 1002 2560 maurianis
1020 2501 1115 2558 BLID
1134 2543 1249 2559 .....
1247 2507 1253 2516 ’
1269 2543 1440 2560 .......
1459 2501 1498 2558 M.
1517 2500 1720 2560 novioma
1746 2489 1749 2496 ’

332 2641 336 2649 .
448 2635 451 2641 .
544 2592 587 2650 Ρο
604 2591 716 2666 dragini
735 2593 854 2668 pioeaqci
873 2591 999 2666 powsiai
1018 2591 1098 2664 ttho
1123 2591 1209 2666 pascit
1234 2593 1444 2666 pergamincny
1461 2609 1478 2647 a
1496 2591 1635 2667 napinam:
1671 2589 1785 2648 Andros
1802 2591 1916 2668 aruph

380 2682 558 2756 principaii„
572 2699 608 2756 po
627 2681 737 2752 maciei
757 2681 839 2740 iaicis
857 2681 943 2757 pasch
960 2699 977 2738 a
994 2683 1121 2756 aspicem
1139 2679 1349 2754 aaakodaonym
1368 2722 1539 2738 .......
1558 2679 1667 2738 (ihcma
1686 2721 1830 2739 ......

544 2861 820 2930 nammis
838 2813 1273 2936 sumamma-aua
1415 2933 1418 2939 Δ
1557 2893 1562 2900 ·

358 3263 460 3350 ¹212.
510 3261 609 3329 1413.
635 3256 693 3329 die
716 3261 770 3330 25.
795 3258 929 3328 mensis
952 3255 1081 3340 Martii
1105 3256 1313 3329 Posnaniac.

512 3521 514 3526 .
550 3452 790 3544 Sandivogius
828 3452 873 3524 de
915 3454 1083 3542 Osirorop
1125 3452 1306 3546 palatinus
1349 3453 1601 3525 Posnaniensis
1644 3457 1681 3524 et
1717 3455 1918 3546 capitaneus

380 3563 526 3635 Maioris
548 3561 717 3652 Poloniae
739 3561 916 3652 generalis
939 3565 1103 3646 testatur,
1137 3561 1307 3633 Ioannem
1338 3559 1515 3632 liciaoaek
1549 3559 1594 3632 dc
1625 3564 1812 3650 Pipiomca
1833 3558 1918 3631 duas

384 3670 636 3850 Ξὲἑζῗίεζίἐῐαθ
667 3667 830 3803 eiusdem
858 3671 1080 3758 Ptoiowa‘cah
1110 3672 1211 3740 uxori
1240 3689 1328 3741 suae
1357 3668 1604 3758 Margarethac
1622 3667 1785 3755 ,dotalitii
1816 3685 1921 3738 causa

547 3975 585 4048 R.
636 3974 792 4048 Sabbato
826 3973 884 4045 die
906 3975 1210 4047 Annunciacionis
1240 3973 1275 4044 b.
1299 3973 1408 4045 Maria
1431 3975 1592 4062 uirginis.
1638 3973 1777 4044 Testes:
1801 3964 1920 4066 Petrus

387 4082 546 4156 decanus
570 4082 833 4168 Poznaniensis,
857 4081 1026 4154 Nicotaus
1049 4081 1094 4153 de
1116 4083 1382 4164 Siatooncaicee,
1406 4080 1644 4170 Sandivogius
1668 4079 1713 4152 do
1728 4081 1917 4157 Iorocainc,

248 4197 255 4207 '
384 4191 553 4263 Nicolaus
584 4189 629 4262 de
657 4191 836 4274 Grancco,
867 4189 1120 4280 sigismundus
1151 4189 1196 4261 de
1224 4191 1445 4273 Zeicncziuo,
1471 4189 1621 4260 Sambor
1643 4187 1688 4259 de
1711 4189 1917 4259 Maocumoo

384 4298 600 4416 castellanus
624 4297 877 4381 Dabansensis‚
901 4295 1061 4370 heredes.

545 4494 702 4551 Archivum
720 4493 878 4552 consistorii
898 4493 1145 4570 archiepiscopalis
1163 4493 1345 4561 Gnesncnsic,
1363 4499 1427 4550 acta
1444 4493 1511 4550 suni
1533 4493 1611 4551 lisa.

548 4675 570 4747 ¹)
590 4673 747 4745 Pehdoroc'ee,
768 4673 833 4729 nied
850 4691 882 4773 w·
894 4690 966 4747 pou.
984 4671 1147 4742 saradahinni
1166 4689 1226 4746 par.
1246 4673 1351 4746 Modra.

2108 451 2179 528 aii.
2227 443 2325 516 1413.

2263 639 2336 710 Ἧι
2354 668 2357 699 i

2108 749 2226 829 sncusi
2249 767 2349 818 man

2113 2185 2243 2257 diensis
2289 2214 2315 2243 ·-
2345 2212 2349 2241 2

2113 2312 2218 2365 mcwo
2242 2294 2279 2363 et
2338 2322 2346 2351 ι

2116 2598 2246 2671 uenas
2270 2600 2306 2668 et
2326 2594 2355 2666 I:

2116 2724 2194 2778 mus
2217 2706 2339 2775 tenore

2116 2817 2260 2906 patrem,
2284 2809 2357 2882 dou

2116 2923 2163 2992 sis
2198 2919 2347 2991 ecclesie

2116 3031 2357 3098 strennuum·

2116 3135 2282 3226 granicijs
2306 3153 2346 3206 se

2118 3243 2207 3334 Petrj
2233 3262 2276 3312 cx
2297 3261 2357 3312 vn:

2120 3349 2344 3433 Gneanensis,

2119 3457 2264 3548 prefatis
2287 3476 2352 3527 uo

2119 3565 2292 3637 nobilibus

2121 3677 2153 3744 ct
2174 3672 2298 3745 Iacobo
2350 3719 2355 3733 ·

2121 3782 2262 3852 ciniensi
2286 3785 2322 3851 et
2353 3810 2357 3843 ι

2122 3889 2211 3976 auor
2232 3920 2252 3949 r,
2309 3891 2345 3950 'r

2122 3995 2261 4068 Domini
2289 3995 2352 4068 mil

2122 4101 2346 4176 distinximus

2123 4215 2322 4300 gnauimus,

2123 4323 2232 4392 maior
2261 4319 2335 4391 dict

2124 4427 2341 4511 Ohoewaass

2124 4539 2157 4605 ct
2187 4555 2298 4606 vnum
2330 4555 2348 4604 s

2125 4641 2236 4732 ipsam
2259 4643 2351 4714 silua

2124 4753 2269 4841 utraque
2292 4771 2339 4843 pa

2126 4853 2253 4929 dictam
2279 4861 2346 4945 Gly

2126 4961 2238 5052 ipsam
2271 4965 2354 5036 silu.

2128 5087 2215 5143 unus
2239 5076 2324 5143 itom
2355 5106 2357 5127 ι

2127 5177 2245 5286 Moero,
2280 5202 2322 5251 eu
2352 5257 2354 5263 ,
