<?xml version="1.0" encoding="UTF-8"?>
<!DOCTYPE html PUBLIC "-//W3C//DTD XHTML 1.0 Transitional//EN"
    "http://www.w3.org/TR/xhtml1/DTD/xhtml1-transitional.dtd">
<html xmlns="http://www.w3.org/1999/xhtml" xml:lang="en" lang="en">
 <head>
  <title>
</title>
<meta http-equiv="Content-Type" content="text/html;charset=utf-8" />
  <meta name='ocr-system' content='tesseract 3.04.00' />
  <meta name='ocr-capabilities' content='ocr_page ocr_carea ocr_par ocr_line ocrx_word'/>
</head>
<body>
  <div class='ocr_page' id='page_1' title='image "./codexdiplomatic06zakrgoog_0712.png"; bbox 0 0 4668 6352; ppageno 0'>
   <div class='ocr_carea' id='block_1_1' title="bbox 456 413 525 484">
    <p class='ocr_par' dir='ltr' id='par_1_1' title="bbox 456 413 525 484">
     <span class='ocr_line' id='line_1_1' title="bbox 456 413 525 484; baseline 0.029 -2"><span class='ocrx_word' id='word_1_1' title='bbox 456 413 525 484; x_wconf 78' lang='grc'><strong>286</strong></span> 
     </span>
    </p>
   </div>
   <div class='ocr_carea' id='block_1_2' title="bbox 460 577 2019 718">
    <p class='ocr_par' dir='ltr' id='par_1_2' title="bbox 460 577 2019 718">
     <span class='ocr_line' id='line_1_2' title="bbox 460 577 2019 718; baseline 0.014 -36"><span class='ocrx_word' id='word_1_2' title='bbox 460 609 600 703; x_wconf 85' lang='lat' dir='ltr'><strong>kapital</strong></span> <span class='ocrx_word' id='word_1_3' title='bbox 625 629 685 682; x_wconf 93' lang='lat' dir='ltr'><strong>ma</strong></span> <span class='ocrx_word' id='word_1_4' title='bbox 714 607 881 702; x_wconf 82' lang='lat' dir='ltr'><strong>zokuplc.</strong></span> <span class='ocrx_word' id='word_1_5' title='bbox 928 607 1054 681; x_wconf 77' lang='lat' dir='ltr'><strong>l&#39;rawo</strong></span> <span class='ocrx_word' id='word_1_6' title='bbox 1085 577 1276 702; x_wconf 82' lang='lat' dir='ltr'><strong>patmnatu</strong></span> <span class='ocrx_word' id='word_1_7' title='bbox 1307 609 1434 702; x_wconf 79' lang='lat' dir='ltr'><strong>naleip</strong></span> <span class='ocrx_word' id='word_1_8' title='bbox 1468 612 1520 700; x_wconf 77' lang='lat' dir='ltr'><strong>sic,</strong></span> <span class='ocrx_word' id='word_1_9' title='bbox 1552 609 1764 684; x_wconf 75' lang='lat' dir='ltr'><strong>itiradaiorco</strong></span> <span class='ocrx_word' id='word_1_10' title='bbox 1794 609 2019 718; x_wconf 76' lang='lat' dir='ltr'><strong>dolpmotnlc,</strong></span> 
     </span>
    </p>
   </div>
   <div class='ocr_carea' id='block_1_3' title="bbox 312 716 2019 928">
    <p class='ocr_par' dir='ltr' id='par_1_3' title="bbox 312 716 2019 928">
     <span class='ocr_line' id='line_1_3' title="bbox 312 716 2019 818; baseline 0.009 -32"><span class='ocrx_word' id='word_1_11' title='bbox 312 775 315 786; x_wconf 94' lang='lat'><em>.</em></span> <span class='ocrx_word' id='word_1_12' title='bbox 458 738 505 811; x_wconf 92' lang='lat' dir='ltr'><strong>po</strong></span> <span class='ocrx_word' id='word_1_13' title='bbox 523 719 577 812; x_wconf 82' lang='lat' dir='ltr'><strong>jaj</strong></span> <span class='ocrx_word' id='word_1_14' title='bbox 598 719 749 818; x_wconf 26' lang='lat' dir='ltr'><strong>‘aulierat</strong></span> <span class='ocrx_word' id='word_1_15' title='bbox 773 721 836 790; x_wconf 75' lang='lat' dir='ltr'><strong>aas</strong></span> <span class='ocrx_word' id='word_1_16' title='bbox 867 716 984 812; x_wconf 89' lang='lat' dir='ltr'><strong>spada</strong></span> <span class='ocrx_word' id='word_1_17' title='bbox 1016 739 1064 790; x_wconf 88' lang='lat' dir='ltr'><strong>na</strong></span> <span class='ocrx_word' id='word_1_18' title='bbox 1099 717 1240 790; x_wconf 86' lang='lat' dir='ltr'><strong>minsto.</strong></span> <span class='ocrx_word' id='word_1_19' title='bbox 1288 718 1429 792; x_wconf 81' lang='lat' dir='ltr'><strong>Testes:</strong></span> <span class='ocrx_word' id='word_1_20' title='bbox 1466 719 1621 792; x_wconf 77' lang='lat' dir='ltr'><strong>llatlrtns</strong></span> <span class='ocrx_word' id='word_1_21' title='bbox 1656 718 1747 793; x_wconf 84' lang='lat' dir='ltr'><strong>Ceth</strong></span> <span class='ocrx_word' id='word_1_22' title='bbox 1783 717 1829 792; x_wconf 89' lang='lat' dir='ltr'><strong>de</strong></span> <span class='ocrx_word' id='word_1_23' title='bbox 1863 723 2019 812; x_wconf 74' lang='grc' dir='ltr'><strong>ὒιυηὺηο</strong></span> 
     </span>
     <span class='ocr_line' id='line_1_4' title="bbox 345 825 2019 928; baseline 0.004 -28"><span class='ocrx_word' id='word_1_24' title='bbox 345 918 352 928; x_wconf 26' lang='lat'>⁸</span> <span class='ocrx_word' id='word_1_25' title='bbox 456 827 663 913; x_wconf 84' lang='lat' dir='ltr'><strong>Naklonsis,</strong></span> <span class='ocrx_word' id='word_1_26' title='bbox 695 826 876 900; x_wconf 86' lang='lat' dir='ltr'><strong>lohannes</strong></span> <span class='ocrx_word' id='word_1_27' title='bbox 906 827 953 900; x_wconf 89' lang='lat' dir='ltr'><strong>da</strong></span> <span class='ocrx_word' id='word_1_28' title='bbox 986 829 1213 918; x_wconf 75' lang='lat' dir='ltr'><strong>Qacpailmwo</strong></span> <span class='ocrx_word' id='word_1_29' title='bbox 1243 825 1444 900; x_wconf 79' lang='lat' dir='ltr'><strong>inmdcnsis</strong></span> <span class='ocrx_word' id='word_1_30' title='bbox 1475 827 1672 914; x_wconf 86' lang='lat' dir='ltr'><strong>castellani,</strong></span> <span class='ocrx_word' id='word_1_31' title='bbox 1706 826 1919 906; x_wconf 83' lang='lat' dir='ltr'><strong>l&#39;rzedslaua</strong></span> <span class='ocrx_word' id='word_1_32' title='bbox 1950 839 2019 918; x_wconf 73' lang='lat' dir='ltr'><strong>dn.</strong></span> 
     </span>
    </p>
   </div>
   <div class='ocr_carea' id='block_1_4' title="bbox 457 933 2020 1120">
    <p class='ocr_par' dir='ltr' id='par_1_4' title="bbox 457 933 2020 1120">
     <span class='ocr_line' id='line_1_5' title="bbox 459 933 2020 1031; baseline 0.006 -21"><span class='ocrx_word' id='word_1_33' title='bbox 459 935 589 1028; x_wconf 80' lang='lat' dir='ltr'><strong>zinslry</strong></span> <span class='ocrx_word' id='word_1_34' title='bbox 613 935 659 1010; x_wconf 90' lang='lat' dir='ltr'><strong>de</strong></span> <span class='ocrx_word' id='word_1_35' title='bbox 681 940 831 1010; x_wconf 74' lang='lat' dir='ltr'><strong>Bretina</strong></span> <span class='ocrx_word' id='word_1_36' title='bbox 855 935 999 1031; x_wconf 78' lang='lat' dir='ltr'><strong>dapifer</strong></span> <span class='ocrx_word' id='word_1_37' title='bbox 1021 935 1288 1022; x_wconf 85' lang='lat' dir='ltr'><strong>Poznonionsis,</strong></span> <span class='ocrx_word' id='word_1_38' title='bbox 1312 935 1771 1028; x_wconf 72' lang='lat' dir='ltr'><strong>il⁷p1abantactnndr·cos</strong></span> <span class='ocrx_word' id='word_1_39' title='bbox 1794 933 1841 1010; x_wconf 91' lang='lat' dir='ltr'><strong>da</strong></span> <span class='ocrx_word' id='word_1_40' title='bbox 1864 939 2020 1029; x_wconf 74' lang='lat' dir='ltr'><strong>Catilina</strong></span> 
     </span>
     <span class='ocr_line' id='line_1_6' title="bbox 457 1042 1087 1120; baseline -0.003 -2"><span class='ocrx_word' id='word_1_41' title='bbox 457 1047 495 1120; x_wconf 87' lang='lat' dir='ltr'><strong>ct</strong></span> <span class='ocrx_word' id='word_1_42' title='bbox 517 1043 662 1118; x_wconf 87' lang='lat' dir='ltr'><strong>Luthko</strong></span> <span class='ocrx_word' id='word_1_43' title='bbox 686 1043 732 1118; x_wconf 91' lang='lat' dir='ltr'><strong>do</strong></span> <span class='ocrx_word' id='word_1_44' title='bbox 754 1047 903 1118; x_wconf 76' lang='lat' dir='ltr'><strong>Bremze</strong></span> <span class='ocrx_word' id='word_1_45' title='bbox 925 1042 1087 1117; x_wconf 88' lang='lat' dir='ltr'><strong>heredes.</strong></span> 
     </span>
    </p>
   </div>
   <div class='ocr_carea' id='block_1_5' title="bbox 619 1233 1833 1320">
    <p class='ocr_par' dir='ltr' id='par_1_5' title="bbox 619 1233 1833 1320">
     <span class='ocr_line' id='line_1_7' title="bbox 619 1233 1833 1320; baseline 0.001 -18"><span class='ocrx_word' id='word_1_46' title='bbox 619 1241 780 1302; x_wconf 63' lang='lat' dir='ltr'><strong>hemma</strong></span> <span class='ocrx_word' id='word_1_47' title='bbox 799 1233 1153 1320; x_wconf 40' lang='lat' dir='ltr'><strong>conaismrii·fepiacopatia</strong></span> <span class='ocrx_word' id='word_1_48' title='bbox 1172 1242 1381 1315; x_wconf 78' lang='lat' dir='ltr'><strong>Poenmricculo,</strong></span> <span class='ocrx_word' id='word_1_49' title='bbox 1399 1248 1466 1302; x_wconf 77' lang='lat' dir='ltr'><strong>acta</strong></span> <span class='ocrx_word' id='word_1_50' title='bbox 1482 1259 1508 1300; x_wconf 75' lang='grc' dir='ltr'>ι</span> <span class='ocrx_word' id='word_1_51' title='bbox 1529 1243 1609 1303; x_wconf 79' lang='lat' dir='ltr'><strong>reta</strong></span> <span class='ocrx_word' id='word_1_52' title='bbox 1828 1250 1833 1262; x_wconf 86' lang='grc'><em>“</em></span> 
     </span>
    </p>
   </div>
   <div class='ocr_carea' id='block_1_6' title="bbox 433 1429 2021 1701">
    <p class='ocr_par' dir='ltr' id='par_1_6' title="bbox 433 1429 2021 1701">
     <span class='ocr_line' id='line_1_8' title="bbox 433 1429 2021 1530; baseline 0.009 -36"><span class='ocrx_word' id='word_1_53' title='bbox 433 1485 436 1494; x_wconf 85' lang='grc'><strong>.</strong></span> <span class='ocrx_word' id='word_1_54' title='bbox 621 1441 792 1502; x_wconf 81' lang='lat' dir='ltr'><strong>Doknment</strong></span> <span class='ocrx_word' id='word_1_55' title='bbox 809 1447 958 1519; x_wconf 72' lang='lat' dir='ltr'><strong>poppiszy</strong></span> <span class='ocrx_word' id='word_1_56' title='bbox 978 1441 1156 1513; x_wconf 79' lang='lat' dir='ltr'><strong>tnnaumuje</strong></span> <span class='ocrx_word' id='word_1_57' title='bbox 1184 1442 1194 1499; x_wconf 94' lang='lat' dir='ltr'><strong>i</strong></span> <span class='ocrx_word' id='word_1_58' title='bbox 1223 1439 1394 1518; x_wconf 79' lang='lat' dir='ltr'><strong>potwicrdza</strong></span> <span class='ocrx_word' id='word_1_59' title='bbox 1419 1438 1542 1514; x_wconf 77' lang='lat' dir='ltr'><strong>ltndrzei</strong></span> <span class='ocrx_word' id='word_1_60' title='bbox 1571 1459 1588 1501; x_wconf 79' lang='lat' dir='ltr'><strong>a</strong></span> <span class='ocrx_word' id='word_1_61' title='bbox 1616 1429 1845 1520; x_wconf 73' lang='lat' dir='ltr'><strong>Bnlna‘blekup</strong></span> <span class='ocrx_word' id='word_1_62' title='bbox 1862 1451 2021 1530; x_wconf 68' lang='lat' dir='ltr'><strong>mari-hl,</strong></span> 
     </span>
     <span class='ocr_line' id='line_1_9' title="bbox 451 1530 2019 1624; baseline 0.005 -34"><span class='ocrx_word' id='word_1_63' title='bbox 451 1540 483 1590; x_wconf 80' lang='lat' dir='ltr'><strong>&#39;rr</strong></span> <span class='ocrx_word' id='word_1_64' title='bbox 502 1533 700 1592; x_wconf 63' lang='lat' dir='ltr'><strong>nonar-asma</strong></span> <span class='ocrx_word' id='word_1_65' title='bbox 718 1534 748 1592; x_wconf 89' lang='lat' dir='ltr'><strong>in</strong></span> <span class='ocrx_word' id='word_1_66' title='bbox 775 1532 824 1593; x_wconf 85' lang='lat' dir='ltr'><strong>die</strong></span> <span class='ocrx_word' id='word_1_67' title='bbox 848 1533 1087 1592; x_wconf 79' lang='lat' dir='ltr'><strong>Annuntiationia</strong></span> <span class='ocrx_word' id='word_1_68' title='bbox 1114 1531 1143 1591; x_wconf 80' lang='lat' dir='ltr'><strong>b.</strong></span> <span class='ocrx_word' id='word_1_69' title='bbox 1173 1533 1274 1604; x_wconf 78' lang='lat' dir='ltr'><strong>liaris,</strong></span> <span class='ocrx_word' id='word_1_70' title='bbox 1301 1551 1318 1590; x_wconf 73' lang='grc' dir='ltr'>ι</span> <span class='ocrx_word' id='word_1_71' title='bbox 1345 1532 1606 1608; x_wconf 79' lang='lat' dir='ltr'><strong>postanowieniem,</strong></span> <span class='ocrx_word' id='word_1_72' title='bbox 1632 1531 1688 1607; x_wconf 72' lang='lat' dir='ltr'><strong>abp</strong></span> <span class='ocrx_word' id='word_1_73' title='bbox 1716 1530 1888 1610; x_wconf 58' lang='lat' dir='ltr'><strong>dedeina·</strong></span> <span class='ocrx_word' id='word_1_74' title='bbox 1913 1536 2019 1624; x_wconf 65' lang='lat' dir='ltr'><strong>kaphq</strong></span> 
     </span>
     <span class='ocr_line' id='line_1_10' title="bbox 459 1621 2020 1701; baseline 0.004 -21"><span class='ocrx_word' id='word_1_75' title='bbox 459 1623 629 1698; x_wconf 70' lang='lat' dir='ltr'><strong>repletarum</strong></span> <span class='ocrx_word' id='word_1_76' title='bbox 638 1623 825 1701; x_wconf 70' lang='lat' dir='ltr'><strong>nicdzieippo</strong></span> <span class='ocrx_word' id='word_1_77' title='bbox 842 1625 893 1683; x_wconf 73' lang='lat' dir='ltr'><strong>im.</strong></span> <span class='ocrx_word' id='word_1_78' title='bbox 904 1623 995 1684; x_wconf 77' lang='lat' dir='ltr'><strong>idaim</strong></span> <span class='ocrx_word' id='word_1_79' title='bbox 1015 1623 1171 1698; x_wconf 75' lang='lat' dir='ltr'><strong>nastupila3</strong></span> <span class='ocrx_word' id='word_1_80' title='bbox 1190 1625 1228 1682; x_wconf 80' lang='grc'><strong>40</strong></span> <span class='ocrx_word' id='word_1_81' title='bbox 1245 1622 1293 1680; x_wconf 78' lang='lat' dir='ltr'><strong>mi</strong></span> <span class='ocrx_word' id='word_1_82' title='bbox 1312 1621 1362 1680; x_wconf 90' lang='lat' dir='ltr'><strong>dni</strong></span> <span class='ocrx_word' id='word_1_83' title='bbox 1381 1621 1638 1700; x_wconf 24' lang='lat' dir='ltr'><strong>adpustulurlaiela</strong></span> <span class='ocrx_word' id='word_1_84' title='bbox 1657 1621 1762 1700; x_wconf 81' lang='lat' dir='ltr'><strong>biekup</strong></span> <span class='ocrx_word' id='word_1_85' title='bbox 1779 1623 1942 1700; x_wconf 73' lang='lat' dir='ltr'><strong>mystkim</strong></span> <span class='ocrx_word' id='word_1_86' title='bbox 1951 1635 2020 1696; x_wconf 64' lang='lat' dir='ltr'><strong>echa.</strong></span> 
     </span>
    </p>
   </div>
   <div class='ocr_carea' id='block_1_7' title="bbox 331 1711 2022 1883">
    <p class='ocr_par' dir='ltr' id='par_1_7' title="bbox 331 1711 2022 1883">
     <span class='ocr_line' id='line_1_11' title="bbox 358 1711 2021 1790; baseline 0.016 -32"><span class='ocrx_word' id='word_1_87' title='bbox 358 1733 363 1743; x_wconf 89' lang='lat'>·</span> <span class='ocrx_word' id='word_1_88' title='bbox 398 1747 400 1754; x_wconf 68' lang='grc'>,</span> <span class='ocrx_word' id='word_1_89' title='bbox 460 1733 540 1788; x_wconf 71' lang='lat'><strong>⁰5¹⁰»</strong></span> <span class='ocrx_word' id='word_1_90' title='bbox 558 1714 659 1788; x_wconf 66' lang='lat' dir='ltr'><strong>may</strong></span> <span class='ocrx_word' id='word_1_91' title='bbox 677 1721 763 1773; x_wconf 59' lang='lat' dir='ltr'><strong>paen</strong></span> <span class='ocrx_word' id='word_1_92' title='bbox 781 1713 864 1774; x_wconf 61' lang='lat' dir='ltr'><strong>daed</strong></span> <span class='ocrx_word' id='word_1_93' title='bbox 885 1712 1029 1790; x_wconf 68' lang='lat' dir='ltr'><strong>pnpbcdn</strong></span> <span class='ocrx_word' id='word_1_94' title='bbox 1047 1731 1085 1771; x_wconf 78' lang='lat' dir='ltr'><strong>na</strong></span> <span class='ocrx_word' id='word_1_95' title='bbox 1103 1713 1310 1784; x_wconf 73' lang='lat' dir='ltr'><strong>nabcieristna</strong></span> <span class='ocrx_word' id='word_1_96' title='bbox 1329 1731 1411 1789; x_wconf 78' lang='lat' dir='ltr'><strong>prm</strong></span> <span class='ocrx_word' id='word_1_97' title='bbox 1429 1713 1491 1785; x_wconf 75' lang='lat' dir='ltr'><strong>cata</strong></span> <span class='ocrx_word' id='word_1_98' title='bbox 1509 1713 1620 1786; x_wconf 72' lang='lat' dir='ltr'><strong>ahtana</strong></span> <span class='ocrx_word' id='word_1_99' title='bbox 1638 1713 1756 1790; x_wconf 76' lang='lat' dir='ltr'><strong>ipimd</strong></span> <span class='ocrx_word' id='word_1_100' title='bbox 1774 1711 1849 1788; x_wconf 61' lang='lat' dir='ltr'><strong>laada</strong></span> <span class='ocrx_word' id='word_1_101' title='bbox 1866 1714 2021 1785; x_wconf 75' lang='lat' dir='ltr'><strong>aadxlcade</strong></span> 
     </span>
     <span class='ocr_line' id='line_1_12' title="bbox 331 1802 2022 1883; baseline 0.003 -17"><span class='ocrx_word' id='word_1_102' title='bbox 331 1859 334 1866; x_wconf 88' lang='lat'><em>.</em></span> <span class='ocrx_word' id='word_1_103' title='bbox 460 1823 484 1862; x_wconf 82' lang='lat' dir='ltr'><strong>rr</strong></span> <span class='ocrx_word' id='word_1_104' title='bbox 507 1810 601 1878; x_wconf 72' lang='lat' dir='ltr'><strong>tymlc</strong></span> <span class='ocrx_word' id='word_1_105' title='bbox 629 1805 754 1864; x_wconf 82' lang='lat' dir='ltr'><strong>koc&#39;eiele</strong></span> <span class='ocrx_word' id='word_1_106' title='bbox 772 1807 836 1864; x_wconf 79' lang='lat' dir='ltr'><strong>Ara</strong></span> <span class='ocrx_word' id='word_1_107' title='bbox 864 1805 959 1864; x_wconf 72' lang='lat' dir='ltr'><strong>liaris</strong></span> <span class='ocrx_word' id='word_1_108' title='bbox 988 1805 998 1862; x_wconf 89' lang='lat' dir='ltr'><strong>i</strong></span> <span class='ocrx_word' id='word_1_109' title='bbox 1023 1803 1136 1876; x_wconf 74' lang='lat' dir='ltr'><strong>udaielp</strong></span> <span class='ocrx_word' id='word_1_110' title='bbox 1161 1803 1305 1875; x_wconf 76' lang='lat' dir='ltr'><strong>jalmuinp</strong></span> <span class='ocrx_word' id='word_1_111' title='bbox 1332 1802 1382 1863; x_wconf 73' lang='lat' dir='ltr'><strong>dle</strong></span> <span class='ocrx_word' id='word_1_112' title='bbox 1409 1803 1543 1877; x_wconf 79' lang='lat' dir='ltr'><strong>chorych.</strong></span> <span class='ocrx_word' id='word_1_113' title='bbox 1580 1804 1750 1880; x_wconf 69' lang='lat' dir='ltr'><strong>Beneiicyat</strong></span> <span class='ocrx_word' id='word_1_114' title='bbox 1773 1823 1824 1865; x_wconf 79' lang='lat' dir='ltr'><strong>ma</strong></span> <span class='ocrx_word' id='word_1_115' title='bbox 1851 1807 2022 1883; x_wconf 54' lang='lat' dir='ltr'><strong>agadarim</strong></span> 
     </span>
    </p>
   </div>
   <div class='ocr_carea' id='block_1_8' title="bbox 447 1893 2021 2162">
    <p class='ocr_par' dir='ltr' id='par_1_8' title="bbox 447 1893 2021 2162">
     <span class='ocr_line' id='line_1_13' title="bbox 447 1893 2021 1979; baseline 0.006 -31"><span class='ocrx_word' id='word_1_116' title='bbox 447 1894 629 1972; x_wconf 69' lang='lat' dir='ltr'><strong>,adpraniad</strong></span> <span class='ocrx_word' id='word_1_117' title='bbox 648 1897 666 1954; x_wconf 82' lang='lat'><strong>3</strong></span> <span class='ocrx_word' id='word_1_118' title='bbox 684 1913 775 1954; x_wconf 77' lang='lat' dir='ltr'><strong>meae:</strong></span> <span class='ocrx_word' id='word_1_119' title='bbox 799 1915 826 1954; x_wconf 80' lang='lat' dir='ltr'><strong>ar</strong></span> <span class='ocrx_word' id='word_1_120' title='bbox 845 1894 985 1966; x_wconf 73' lang='lat' dir='ltr'><strong>niedaiele</strong></span> <span class='ocrx_word' id='word_1_121' title='bbox 1003 1893 1041 1953; x_wconf 89' lang='lat' dir='ltr'><strong>do</strong></span> <span class='ocrx_word' id='word_1_122' title='bbox 1059 1893 1107 1952; x_wconf 71' lang='grc' dir='ltr'><strong>ἐπ.</strong></span> <span class='ocrx_word' id='word_1_123' title='bbox 1137 1893 1250 1964; x_wconf 75' lang='lat' dir='ltr'><strong>Ilneha¹</strong></span> <span class='ocrx_word' id='word_1_124' title='bbox 1277 1913 1303 1952; x_wconf 82' lang='lat' dir='ltr'><strong>rr</strong></span> <span class='ocrx_word' id='word_1_125' title='bbox 1321 1893 1517 1970; x_wconf 80' lang='lat' dir='ltr'><strong>ponicdaiaick</strong></span> <span class='ocrx_word' id='word_1_126' title='bbox 1534 1915 1569 1953; x_wconf 81' lang='lat' dir='ltr'><strong>aa</strong></span> <span class='ocrx_word' id='word_1_127' title='bbox 1586 1895 1740 1970; x_wconf 72' lang='lat' dir='ltr'><strong>amarlpcla,</strong></span> <span class='ocrx_word' id='word_1_128' title='bbox 1768 1896 1872 1970; x_wconf 66' lang='lat' dir='ltr'><strong>inccta</strong></span> <span class='ocrx_word' id='word_1_129' title='bbox 1889 1917 1916 1957; x_wconf 73' lang='lat' dir='ltr'><strong>m</strong></span> <span class='ocrx_word' id='word_1_130' title='bbox 1931 1903 2021 1979; x_wconf 43' lang='lat' dir='ltr'><strong>maore·</strong></span> 
     </span>
     <span class='ocr_line' id='line_1_14' title="bbox 460 1983 2020 2069; baseline 0.003 -25"><span class='ocrx_word' id='word_1_131' title='bbox 460 1985 500 2045; x_wconf 89' lang='lat' dir='ltr'><strong>da</strong></span> <span class='ocrx_word' id='word_1_132' title='bbox 518 1987 705 2061; x_wconf 72' lang='lat' dir='ltr'><strong>NhIPannyp</strong></span> <span class='ocrx_word' id='word_1_133' title='bbox 727 1988 831 2062; x_wconf 75' lang='lat' dir='ltr'><strong>oprocs</strong></span> <span class='ocrx_word' id='word_1_134' title='bbox 860 1993 927 2062; x_wconf 82' lang='lat' dir='ltr'><strong>tego</strong></span> <span class='ocrx_word' id='word_1_135' title='bbox 954 2003 1003 2044; x_wconf 79' lang='lat' dir='ltr'><strong>ma</strong></span> <span class='ocrx_word' id='word_1_136' title='bbox 1029 1983 1104 2043; x_wconf 66' lang='lat' dir='ltr'><strong>mica</strong></span> <span class='ocrx_word' id='word_1_137' title='bbox 1128 1985 1223 2060; x_wconf 75' lang='lat' dir='ltr'><strong>piecze</strong></span> <span class='ocrx_word' id='word_1_138' title='bbox 1239 1983 1407 2058; x_wconf 74' lang='lat' dir='ltr'><strong>¹duellorum</strong></span> <span class='ocrx_word' id='word_1_139' title='bbox 1433 1983 1492 2043; x_wconf 78' lang='lat' dir='ltr'><strong>aad</strong></span> <span class='ocrx_word' id='word_1_140' title='bbox 1510 1985 1638 2060; x_wconf 77' lang='lat' dir='ltr'><strong>chorymi</strong></span> <span class='ocrx_word' id='word_1_141' title='bbox 1658 2004 1683 2043; x_wconf 80' lang='lat' dir='ltr'><strong>vr</strong></span> <span class='ocrx_word' id='word_1_142' title='bbox 1701 1986 1834 2062; x_wconf 77' lang='lat' dir='ltr'><strong>capitata.</strong></span> <span class='ocrx_word' id='word_1_143' title='bbox 1871 1987 1978 2069; x_wconf 80' lang='lat' dir='ltr'><strong>Blekup</strong></span> <span class='ocrx_word' id='word_1_144' title='bbox 1993 2015 2020 2054; x_wconf 72' lang='lat' dir='ltr'><strong>ae</strong></span> 
     </span>
     <span class='ocr_line' id='line_1_15' title="bbox 458 2073 2020 2162; baseline 0.004 -26"><span class='ocrx_word' id='word_1_145' title='bbox 458 2075 527 2148; x_wconf 80' lang='lat' dir='ltr'><strong>arrei</strong></span> <span class='ocrx_word' id='word_1_146' title='bbox 547 2084 648 2151; x_wconf 77' lang='lat' dir='ltr'><strong>atmny</strong></span> <span class='ocrx_word' id='word_1_147' title='bbox 668 2075 773 2148; x_wconf 82' lang='lat' dir='ltr'><strong>dodaia</strong></span> <span class='ocrx_word' id='word_1_148' title='bbox 790 2076 831 2138; x_wconf 88' lang='lat' dir='ltr'><strong>do</strong></span> <span class='ocrx_word' id='word_1_149' title='bbox 849 2075 989 2151; x_wconf 81' lang='lat' dir='ltr'><strong>iuadaeyi</strong></span> <span class='ocrx_word' id='word_1_150' title='bbox 1008 2094 1040 2134; x_wconf 78' lang='lat' dir='ltr'><strong>za</strong></span> <span class='ocrx_word' id='word_1_151' title='bbox 1058 2091 1153 2150; x_wconf 72' lang='lat' dir='ltr'><strong>navego</strong></span> <span class='ocrx_word' id='word_1_152' title='bbox 1170 2073 1304 2134; x_wconf 84' lang='lat' dir='ltr'><strong>dochodu</strong></span> <span class='ocrx_word' id='word_1_153' title='bbox 1321 2076 1484 2150; x_wconf 77' lang='lat' dir='ltr'><strong>atalowega,</strong></span> <span class='ocrx_word' id='word_1_154' title='bbox 1511 2093 1544 2134; x_wconf 79' lang='lat' dir='ltr'><strong>aa</strong></span> <span class='ocrx_word' id='word_1_155' title='bbox 1562 2077 1612 2136; x_wconf 77' lang='lat' dir='ltr'><strong>aret</strong></span> <span class='ocrx_word' id='word_1_156' title='bbox 1637 2075 1821 2152; x_wconf 61' lang='lat' dir='ltr'><strong>amaeam</strong></span> <span class='ocrx_word' id='word_1_157' title='bbox 1839 2075 1913 2156; x_wconf 75' lang='lat' dir='ltr'><strong>tropa</strong></span> <span class='ocrx_word' id='word_1_158' title='bbox 1929 2099 2020 2162; x_wconf 69' lang='lat' dir='ltr'><strong>gram</strong></span> 
     </span>
    </p>
   </div>
   <div class='ocr_carea' id='block_1_9' title="bbox 353 2157 767 2244">
    <p class='ocr_par' dir='ltr' id='par_1_9' title="bbox 353 2157 767 2244">
     <span class='ocr_line' id='line_1_16' title="bbox 353 2157 767 2244; baseline 0 -18"><span class='ocrx_word' id='word_1_159' title='bbox 353 2157 356 2164; x_wconf 68' lang='grc'>’</span> <span class='ocrx_word' id='word_1_160' title='bbox 458 2166 605 2226; x_wconf 76' lang='lat' dir='ltr'><strong>eaeroklch</strong></span> <span class='ocrx_word' id='word_1_161' title='bbox 623 2167 767 2244; x_wconf 81' lang='lat' dir='ltr'><strong>praskich.</strong></span> 
     </span>
    </p>
   </div>
   <div class='ocr_carea' id='block_1_10' title="bbox 622 2345 1377 2424">
    <p class='ocr_par' dir='ltr' id='par_1_10' title="bbox 622 2345 1377 2424">
     <span class='ocr_line' id='line_1_17' title="bbox 622 2345 1377 2424; baseline 0 -18"><span class='ocrx_word' id='word_1_162' title='bbox 622 2349 646 2422; x_wconf 75' lang='grc' dir='ltr'><strong>Ι)</strong></span> <span class='ocrx_word' id='word_1_163' title='bbox 665 2347 801 2418; x_wconf 66' lang='lat' dir='ltr'><strong>Kolonia,</strong></span> <span class='ocrx_word' id='word_1_164' title='bbox 819 2348 925 2408; x_wconf 80' lang='lat' dir='ltr'><strong>miaeto</strong></span> <span class='ocrx_word' id='word_1_165' title='bbox 942 2366 969 2406; x_wconf 73' lang='lat' dir='ltr'><strong>m</strong></span> <span class='ocrx_word' id='word_1_166' title='bbox 987 2347 1121 2424; x_wconf 76' lang='lat' dir='ltr'><strong>pomiecie</strong></span> <span class='ocrx_word' id='word_1_167' title='bbox 1139 2345 1377 2422; x_wconf 76' lang='lat' dir='ltr'><strong>hotaszphskim.</strong></span> 
     </span>
    </p>
   </div>
   <div class='ocr_carea' id='block_1_11' title="bbox 460 2797 1418 2886">
    <p class='ocr_par' dir='ltr' id='par_1_11' title="bbox 460 2797 1418 2886">
     <span class='ocr_line' id='line_1_18' title="bbox 460 2797 1418 2886; baseline -0.004 -10"><span class='ocrx_word' id='word_1_168' title='bbox 460 2806 539 2876; x_wconf 78' lang='lat'><strong>305.</strong></span> <span class='ocrx_word' id='word_1_169' title='bbox 589 2807 689 2876; x_wconf 82' lang='lat'>1419.</span> <span class='ocrx_word' id='word_1_170' title='bbox 714 2801 774 2875; x_wconf 88' lang='lat' dir='ltr'><strong>dle</strong></span> <span class='ocrx_word' id='word_1_171' title='bbox 797 2806 853 2874; x_wconf 77' lang='lat'><strong>24.</strong></span> <span class='ocrx_word' id='word_1_172' title='bbox 878 2801 1017 2872; x_wconf 84' lang='lat' dir='ltr'><strong>mensis</strong></span> <span class='ocrx_word' id='word_1_173' title='bbox 1042 2797 1217 2886; x_wconf 83' lang='lat' dir='ltr'><strong>Octobris,</strong></span> <span class='ocrx_word' id='word_1_174' title='bbox 1242 2797 1418 2872; x_wconf 73' lang='lat' dir='ltr'><strong>duanae</strong></span> 
     </span>
    </p>
   </div>
   <div class='ocr_carea' id='block_1_12' title="bbox 465 2996 2022 3208">
    <p class='ocr_par' dir='ltr' id='par_1_12' title="bbox 465 2996 2022 3208">
     <span class='ocr_line' id='line_1_19' title="bbox 493 2996 2022 3095; baseline -0.001 -23"><span class='ocrx_word' id='word_1_175' title='bbox 493 3089 495 3095; x_wconf 19' lang='lat' dir='ltr'><em>s</em></span> <span class='ocrx_word' id='word_1_176' title='bbox 629 2999 802 3072; x_wconf 81' lang='lat' dir='ltr'><strong>Nicotaus</strong></span> <span class='ocrx_word' id='word_1_177' title='bbox 827 2998 1122 3092; x_wconf 79' lang='lat' dir='ltr'><strong>archiepiscopus</strong></span> <span class='ocrx_word' id='word_1_178' title='bbox 1147 2997 1368 3072; x_wconf 88' lang='lat' dir='ltr'><strong>Gnesnensis</strong></span> <span class='ocrx_word' id='word_1_179' title='bbox 1393 2997 1582 3070; x_wconf 88' lang='lat' dir='ltr'><strong>ecclesiam</strong></span> <span class='ocrx_word' id='word_1_180' title='bbox 1605 2997 1834 3089; x_wconf 79' lang='lat' dir='ltr'><strong>collegiatam</strong></span> <span class='ocrx_word' id='word_1_181' title='bbox 1858 2996 1904 3072; x_wconf 89' lang='lat' dir='ltr'><strong>de</strong></span> <span class='ocrx_word' id='word_1_182' title='bbox 1925 2999 2022 3071; x_wconf 81' lang='lat' dir='ltr'><strong>itudo</strong></span> 
     </span>
     <span class='ocr_line' id='line_1_20' title="bbox 465 3105 1663 3208; baseline -0.002 -28"><span class='ocrx_word' id='word_1_183' title='bbox 465 3107 510 3208; x_wconf 82' lang='lat' dir='ltr'><strong>ad</strong></span> <span class='ocrx_word' id='word_1_184' title='bbox 535 3109 726 3182; x_wconf 90' lang='lat' dir='ltr'><strong>ecclesiam</strong></span> <span class='ocrx_word' id='word_1_185' title='bbox 751 3128 781 3179; x_wconf 88' lang='lat' dir='ltr'><strong>a.</strong></span> <span class='ocrx_word' id='word_1_186' title='bbox 806 3106 996 3180; x_wconf 82' lang='lat' dir='ltr'><strong>Michaelis</strong></span> <span class='ocrx_word' id='word_1_187' title='bbox 1021 3105 1229 3196; x_wconf 78' lang='lat' dir='ltr'><strong>archangeli</strong></span> <span class='ocrx_word' id='word_1_188' title='bbox 1252 3107 1290 3178; x_wconf 91' lang='lat' dir='ltr'><strong>in</strong></span> <span class='ocrx_word' id='word_1_189' title='bbox 1315 3107 1457 3178; x_wconf 76' lang='lat' dir='ltr'><strong>Wielari</strong></span> <span class='ocrx_word' id='word_1_190' title='bbox 1480 3105 1663 3178; x_wconf 72' lang='lat' dir='ltr'><strong>transient</strong></span> 
     </span>
    </p>
   </div>
   <div class='ocr_carea' id='block_1_13' title="bbox 463 3320 2063 3850">
    <p class='ocr_par' dir='ltr' id='par_1_13' title="bbox 463 3320 2063 3850">
     <span class='ocr_line' id='line_1_21' title="bbox 623 3320 2022 3416; baseline -0.005 -19"><span class='ocrx_word' id='word_1_191' title='bbox 623 3325 664 3397; x_wconf 91' lang='lat' dir='ltr'><strong>lu</strong></span> <span class='ocrx_word' id='word_1_192' title='bbox 694 3327 845 3397; x_wconf 89' lang='lat' dir='ltr'><strong>nomine</strong></span> <span class='ocrx_word' id='word_1_193' title='bbox 875 3322 1024 3396; x_wconf 88' lang='lat' dir='ltr'><strong>Domini</strong></span> <span class='ocrx_word' id='word_1_194' title='bbox 1056 3341 1173 3395; x_wconf 87' lang='lat' dir='ltr'><strong>amen.</strong></span> <span class='ocrx_word' id='word_1_195' title='bbox 1219 3321 1278 3395; x_wconf 82' lang='lat' dir='ltr'><strong>Ad</strong></span> <span class='ocrx_word' id='word_1_196' title='bbox 1310 3328 1524 3416; x_wconf 89' lang='lat' dir='ltr'><strong>perpetuam</strong></span> <span class='ocrx_word' id='word_1_197' title='bbox 1553 3322 1606 3394; x_wconf 90' lang='lat' dir='ltr'><strong>rei</strong></span> <span class='ocrx_word' id='word_1_198' title='bbox 1629 3323 1853 3396; x_wconf 87' lang='lat' dir='ltr'><strong>memoriam.</strong></span> <span class='ocrx_word' id='word_1_199' title='bbox 1900 3320 2022 3395; x_wconf 84' lang='lat' dir='ltr'><strong>Sollici-</strong></span> 
     </span>
     <span class='ocr_line' id='line_1_22' title="bbox 465 3426 2023 3528; baseline -0.007 -22"><span class='ocrx_word' id='word_1_200' title='bbox 465 3433 582 3506; x_wconf 89' lang='lat' dir='ltr'><strong>tudini</strong></span> <span class='ocrx_word' id='word_1_201' title='bbox 617 3431 848 3528; x_wconf 86' lang='lat' dir='ltr'><strong>intendentes</strong></span> <span class='ocrx_word' id='word_1_202' title='bbox 874 3430 1074 3524; x_wconf 86' lang='lat' dir='ltr'><strong>pastoraii,</strong></span> <span class='ocrx_word' id='word_1_203' title='bbox 1118 3431 1283 3504; x_wconf 78' lang='lat' dir='ltr'><strong>officium</strong></span> <span class='ocrx_word' id='word_1_204' title='bbox 1322 3431 1426 3504; x_wconf 89' lang='lat' dir='ltr'><strong>nobis</strong></span> <span class='ocrx_word' id='word_1_205' title='bbox 1465 3450 1685 3524; x_wconf 89' lang='lat' dir='ltr'><strong>quamquam</strong></span> <span class='ocrx_word' id='word_1_206' title='bbox 1725 3426 2023 3503; x_wconf 89' lang='lat' dir='ltr'><strong>insuiiicienttbus</strong></span> 
     </span>
     <span class='ocr_line' id='line_1_23' title="bbox 463 3521 2063 3644; baseline -0.003 -29"><span class='ocrx_word' id='word_1_207' title='bbox 463 3544 605 3616; x_wconf 84' lang='lat' dir='ltr'><strong>meritis</strong></span> <span class='ocrx_word' id='word_1_208' title='bbox 631 3541 757 3614; x_wconf 90' lang='lat' dir='ltr'><strong>diuina</strong></span> <span class='ocrx_word' id='word_1_209' title='bbox 780 3521 1025 3634; x_wconf 65' lang='lat' dir='ltr'><strong>dis&#39;phsicione</strong></span> <span class='ocrx_word' id='word_1_210' title='bbox 1056 3542 1305 3626; x_wconf 90' lang='lat' dir='ltr'><strong>commissum,</strong></span> <span class='ocrx_word' id='word_1_211' title='bbox 1336 3539 1472 3612; x_wconf 77' lang='lat' dir='ltr'><strong>utiliter</strong></span> <span class='ocrx_word' id='word_1_212' title='bbox 1502 3538 1698 3613; x_wconf 90' lang='lat' dir='ltr'><strong>adiuuante</strong></span> <span class='ocrx_word' id='word_1_213' title='bbox 1727 3537 1884 3613; x_wconf 89' lang='lat' dir='ltr'><strong>Domino</strong></span> <span class='ocrx_word' id='word_1_214' title='bbox 1907 3539 2021 3644; x_wconf 63' lang='lat' dir='ltr'><strong>escqrd</strong></span> <span class='ocrx_word' id='word_1_215' title='bbox 2057 3595 2063 3610; x_wconf 93' lang='lat'>.</span> 
     </span>
     <span class='ocr_line' id='line_1_24' title="bbox 467 3641 2021 3742; baseline -0.005 -20"><span class='ocrx_word' id='word_1_216' title='bbox 467 3652 667 3742; x_wconf 81' lang='lat' dir='ltr'><strong>cupientes,</strong></span> <span class='ocrx_word' id='word_1_217' title='bbox 691 3649 824 3720; x_wconf 85' lang='lat' dir='ltr'><strong>soliciti</strong></span> <span class='ocrx_word' id='word_1_218' title='bbox 849 3646 1046 3734; x_wconf 82' lang='lat' dir='ltr'><strong>reddimur,</strong></span> <span class='ocrx_word' id='word_1_219' title='bbox 1080 3641 1135 3728; x_wconf 79' lang='lat' dir='ltr'><strong>ut,</strong></span> <span class='ocrx_word' id='word_1_220' title='bbox 1159 3647 1204 3720; x_wconf 88' lang='lat' dir='ltr'><strong>ad</strong></span> <span class='ocrx_word' id='word_1_221' title='bbox 1240 3654 1380 3740; x_wconf 85' lang='lat' dir='ltr'><strong>partem</strong></span> <span class='ocrx_word' id='word_1_222' title='bbox 1416 3652 1539 3721; x_wconf 90' lang='lat' dir='ltr'><strong>nostre</strong></span> <span class='ocrx_word' id='word_1_223' title='bbox 1573 3647 1825 3733; x_wconf 89' lang='lat' dir='ltr'><strong>solicitudinis,</strong></span> <span class='ocrx_word' id='word_1_224' title='bbox 1859 3648 2021 3740; x_wconf 88' lang='lat' dir='ltr'><strong>quantum</strong></span> 
     </span>
     <span class='ocr_line' id='line_1_25' title="bbox 465 3753 2023 3850; baseline 0 -20"><span class='ocrx_word' id='word_1_225' title='bbox 465 3778 550 3830; x_wconf 90' lang='lat' dir='ltr'><strong>cum</strong></span> <span class='ocrx_word' id='word_1_226' title='bbox 585 3757 663 3830; x_wconf 89' lang='lat' dir='ltr'><strong>Deo</strong></span> <span class='ocrx_word' id='word_1_227' title='bbox 698 3776 907 3850; x_wconf 89' lang='lat' dir='ltr'><strong>possumus,</strong></span> <span class='ocrx_word' id='word_1_228' title='bbox 949 3755 1041 3828; x_wconf 91' lang='lat' dir='ltr'><strong>tales</strong></span> <span class='ocrx_word' id='word_1_229' title='bbox 1079 3758 1118 3828; x_wconf 92' lang='lat' dir='ltr'><strong>in</strong></span> <span class='ocrx_word' id='word_1_230' title='bbox 1152 3756 1305 3828; x_wconf 88' lang='lat' dir='ltr'><strong>ecclesia</strong></span> <span class='ocrx_word' id='word_1_231' title='bbox 1339 3755 1408 3828; x_wconf 90' lang='lat' dir='ltr'><strong>Dei</strong></span> <span class='ocrx_word' id='word_1_232' title='bbox 1441 3775 1617 3850; x_wconf 84' lang='lat' dir='ltr'><strong>personas</strong></span> <span class='ocrx_word' id='word_1_233' title='bbox 1655 3776 1788 3850; x_wconf 90' lang='lat' dir='ltr'><strong>ponere</strong></span> <span class='ocrx_word' id='word_1_234' title='bbox 1812 3753 2023 3830; x_wconf 74' lang='lat' dir='ltr'><strong>studeamus.</strong></span> 
     </span>
    </p>
   </div>
   <div class='ocr_carea' id='block_1_14' title="bbox 468 3858 2155 3958">
    <p class='ocr_par' dir='ltr' id='par_1_14' title="bbox 468 3858 2155 3958">
     <span class='ocr_line' id='line_1_26' title="bbox 468 3858 2155 3958; baseline -0.002 -20"><span class='ocrx_word' id='word_1_235' title='bbox 468 3885 623 3958; x_wconf 84' lang='lat' dir='ltr'><strong>quarum</strong></span> <span class='ocrx_word' id='word_1_236' title='bbox 647 3863 887 3938; x_wconf 87' lang='lat' dir='ltr'><strong>consideratis</strong></span> <span class='ocrx_word' id='word_1_237' title='bbox 911 3864 1108 3937; x_wconf 83' lang='lat' dir='ltr'><strong>virtutibus</strong></span> <span class='ocrx_word' id='word_1_238' title='bbox 1130 3865 1377 3936; x_wconf 75' lang='lat' dir='ltr'><strong>uerisimiliter</strong></span> <span class='ocrx_word' id='word_1_239' title='bbox 1403 3883 1609 3958; x_wconf 89' lang='lat' dir='ltr'><strong>possumus,</strong></span> <span class='ocrx_word' id='word_1_240' title='bbox 1641 3863 1736 3956; x_wconf 87' lang='lat' dir='ltr'><strong>quod</strong></span> <span class='ocrx_word' id='word_1_241' title='bbox 1761 3865 1921 3958; x_wconf 83' lang='lat' dir='ltr'><strong>ipsorum</strong></span> <span class='ocrx_word' id='word_1_242' title='bbox 1943 3858 2024 3948; x_wconf 73' lang='lat' dir='ltr'><strong>regi·</strong></span> <span class='ocrx_word' id='word_1_243' title='bbox 2148 3899 2155 3912; x_wconf 91' lang='lat'><strong>·</strong></span> 
     </span>
    </p>
   </div>
   <div class='ocr_carea' id='block_1_15' title="bbox 464 3967 2023 4498">
    <p class='ocr_par' dir='ltr' id='par_1_15' title="bbox 464 3967 2023 4498">
     <span class='ocr_line' id='line_1_27' title="bbox 468 3967 2022 4066; baseline -0.008 -18"><span class='ocrx_word' id='word_1_244' title='bbox 468 3967 566 4048; x_wconf 77' lang='lat' dir='ltr'><strong>nune</strong></span> <span class='ocrx_word' id='word_1_245' title='bbox 590 3973 710 4046; x_wconf 90' lang='lat' dir='ltr'><strong>cuitus</strong></span> <span class='ocrx_word' id='word_1_246' title='bbox 734 3972 881 4044; x_wconf 74' lang='lat' dir='ltr'><strong>ihmius</strong></span> <span class='ocrx_word' id='word_1_247' title='bbox 905 3975 1031 4064; x_wconf 89' lang='lat' dir='ltr'><strong>augerj</strong></span> <span class='ocrx_word' id='word_1_248' title='bbox 1064 3975 1197 4065; x_wconf 89' lang='lat' dir='ltr'><strong>poterit</strong></span> <span class='ocrx_word' id='word_1_249' title='bbox 1227 3979 1263 4044; x_wconf 88' lang='lat' dir='ltr'><strong>ct</strong></span> <span class='ocrx_word' id='word_1_250' title='bbox 1297 3973 1367 4044; x_wconf 90' lang='lat' dir='ltr'><strong>alia</strong></span> <span class='ocrx_word' id='word_1_251' title='bbox 1396 3971 1518 4044; x_wconf 86' lang='lat' dir='ltr'><strong>ielicia</strong></span> <span class='ocrx_word' id='word_1_252' title='bbox 1541 3975 1730 4066; x_wconf 88' lang='lat' dir='ltr'><strong>prouenire</strong></span> <span class='ocrx_word' id='word_1_253' title='bbox 1760 3972 1902 4065; x_wconf 83' lang='lat' dir='ltr'><strong>possint</strong></span> <span class='ocrx_word' id='word_1_254' title='bbox 1922 3969 2022 4042; x_wconf 80' lang='lat' dir='ltr'><strong>incre</strong></span> 
     </span>
     <span class='ocr_line' id='line_1_28' title="bbox 468 4073 2023 4172; baseline -0.01 -16"><span class='ocrx_word' id='word_1_255' title='bbox 468 4085 601 4156; x_wconf 89' lang='lat' dir='ltr'><strong>menta.</strong></span> <span class='ocrx_word' id='word_1_256' title='bbox 649 4081 742 4153; x_wconf 89' lang='lat' dir='ltr'><strong>Hinc</strong></span> <span class='ocrx_word' id='word_1_257' title='bbox 766 4085 833 4166; x_wconf 90' lang='lat' dir='ltr'><strong>est,</strong></span> <span class='ocrx_word' id='word_1_258' title='bbox 857 4079 954 4171; x_wconf 86' lang='lat' dir='ltr'><strong>quod</strong></span> <span class='ocrx_word' id='word_1_259' title='bbox 979 4101 1046 4152; x_wconf 92' lang='lat' dir='ltr'><strong>nos</strong></span> <span class='ocrx_word' id='word_1_260' title='bbox 1070 4079 1240 4153; x_wconf 83' lang='lat' dir='ltr'><strong>Nicotaus</strong></span> <span class='ocrx_word' id='word_1_261' title='bbox 1265 4081 1332 4152; x_wconf 90' lang='lat' dir='ltr'><strong>Dei</strong></span> <span class='ocrx_word' id='word_1_262' title='bbox 1356 4083 1480 4172; x_wconf 88' lang='lat' dir='ltr'><strong>gracia</strong></span> <span class='ocrx_word' id='word_1_263' title='bbox 1498 4084 1624 4153; x_wconf 91' lang='lat' dir='ltr'><strong>sancte</strong></span> <span class='ocrx_word' id='word_1_264' title='bbox 1641 4079 1862 4154; x_wconf 85' lang='lat' dir='ltr'><strong>Gneznensls</strong></span> <span class='ocrx_word' id='word_1_265' title='bbox 1885 4073 2023 4149; x_wconf 87' lang='lat' dir='ltr'><strong>ecclesio</strong></span> 
     </span>
     <span class='ocr_line' id='line_1_29' title="bbox 470 4187 2023 4282; baseline -0.004 -20"><span class='ocrx_word' id='word_1_266' title='bbox 470 4189 764 4282; x_wconf 86' lang='lat' dir='ltr'><strong>archiepiscopus</strong></span> <span class='ocrx_word' id='word_1_267' title='bbox 798 4194 836 4260; x_wconf 86' lang='lat' dir='ltr'><strong>et</strong></span> <span class='ocrx_word' id='word_1_268' title='bbox 869 4191 1018 4282; x_wconf 91' lang='lat' dir='ltr'><strong>primas,</strong></span> <span class='ocrx_word' id='word_1_269' title='bbox 1054 4188 1323 4261; x_wconf 85' lang='lat' dir='ltr'><strong>considerantes</strong></span> <span class='ocrx_word' id='word_1_270' title='bbox 1356 4189 1476 4261; x_wconf 89' lang='lat' dir='ltr'><strong>locum</strong></span> <span class='ocrx_word' id='word_1_271' title='bbox 1514 4187 1761 4276; x_wconf 86' lang='lat' dir='ltr'><strong>Rudenscm,¹)</strong></span> <span class='ocrx_word' id='word_1_272' title='bbox 1796 4189 1833 4260; x_wconf 91' lang='lat' dir='ltr'><strong>in</strong></span> <span class='ocrx_word' id='word_1_273' title='bbox 1870 4203 1938 4277; x_wconf 89' lang='lat' dir='ltr'><strong>quo</strong></span> <span class='ocrx_word' id='word_1_274' title='bbox 1968 4197 2023 4273; x_wconf 73' lang='lat' dir='ltr'><strong>per</strong></span> 
     </span>
     <span class='ocr_line' id='line_1_30' title="bbox 464 4287 2022 4390; baseline -0.008 -19"><span class='ocrx_word' id='word_1_275' title='bbox 464 4303 606 4371; x_wconf 88' lang='lat' dir='ltr'><strong>nostros</strong></span> <span class='ocrx_word' id='word_1_276' title='bbox 630 4297 906 4390; x_wconf 87' lang='lat' dir='ltr'><strong>predecessores</strong></span> <span class='ocrx_word' id='word_1_277' title='bbox 932 4297 1087 4369; x_wconf 88' lang='lat' dir='ltr'><strong>ecclesia</strong></span> <span class='ocrx_word' id='word_1_278' title='bbox 1111 4298 1302 4387; x_wconf 84' lang='lat' dir='ltr'><strong>collegiata</strong></span> <span class='ocrx_word' id='word_1_279' title='bbox 1321 4296 1458 4369; x_wconf 90' lang='lat' dir='ltr'><strong>dudum</strong></span> <span class='ocrx_word' id='word_1_280' title='bbox 1480 4300 1648 4369; x_wconf 83' lang='lat' dir='ltr'><strong>extiterat</strong></span> <span class='ocrx_word' id='word_1_281' title='bbox 1671 4301 1789 4369; x_wconf 87' lang='lat' dir='ltr'><strong>erecta</strong></span> <span class='ocrx_word' id='word_1_282' title='bbox 1813 4301 1851 4367; x_wconf 89' lang='lat' dir='ltr'><strong>et</strong></span> <span class='ocrx_word' id='word_1_283' title='bbox 1873 4287 2022 4366; x_wconf 77' lang='lat' dir='ltr'><strong>tundata.</strong></span> 
     </span>
     <span class='ocr_line' id='line_1_31' title="bbox 469 4391 2021 4498; baseline -0.011 -20"><span class='ocrx_word' id='word_1_284' title='bbox 469 4409 576 4478; x_wconf 83' lang='lat' dir='ltr'><strong>certis</strong></span> <span class='ocrx_word' id='word_1_285' title='bbox 601 4407 838 4498; x_wconf 88' lang='lat' dir='ltr'><strong>prepositura,</strong></span> <span class='ocrx_word' id='word_1_286' title='bbox 872 4407 1146 4478; x_wconf 88' lang='lat' dir='ltr'><strong>canonicatibus</strong></span> <span class='ocrx_word' id='word_1_287' title='bbox 1178 4413 1215 4476; x_wconf 87' lang='lat' dir='ltr'><strong>et</strong></span> <span class='ocrx_word' id='word_1_288' title='bbox 1245 4405 1436 4498; x_wconf 89' lang='lat' dir='ltr'><strong>prebenbis</strong></span> <span class='ocrx_word' id='word_1_289' title='bbox 1466 4405 1599 4476; x_wconf 85' lang='lat' dir='ltr'><strong>inisset</strong></span> <span class='ocrx_word' id='word_1_290' title='bbox 1628 4406 1802 4496; x_wconf 87' lang='lat' dir='ltr'><strong>insignita</strong></span> <span class='ocrx_word' id='word_1_291' title='bbox 1826 4423 1870 4476; x_wconf 90' lang='lat' dir='ltr'><strong>ac</strong></span> <span class='ocrx_word' id='word_1_292' title='bbox 1892 4391 2021 4472; x_wconf 88' lang='lat' dir='ltr'><strong>redditi·</strong></span> 
     </span>
    </p>
   </div>
   <div class='ocr_carea' id='block_1_16' title="bbox 467 4504 2143 4607">
    <p class='ocr_par' dir='ltr' id='par_1_16' title="bbox 467 4504 2143 4607">
     <span class='ocr_line' id='line_1_32' title="bbox 467 4504 2143 4607; baseline -0.012 -21"><span class='ocrx_word' id='word_1_293' title='bbox 467 4515 545 4600; x_wconf 89' lang='lat' dir='ltr'><strong>bus,</strong></span> <span class='ocrx_word' id='word_1_294' title='bbox 570 4513 807 4607; x_wconf 77' lang='lat' dir='ltr'><strong>prodentibus</strong></span> <span class='ocrx_word' id='word_1_295' title='bbox 824 4517 861 4584; x_wconf 85' lang='lat' dir='ltr'><strong>et</strong></span> <span class='ocrx_word' id='word_1_296' title='bbox 877 4513 1068 4597; x_wconf 72' lang='lat' dir='ltr'><strong>fructibus</strong></span> <span class='ocrx_word' id='word_1_297' title='bbox 1092 4515 1189 4586; x_wconf 88' lang='lat' dir='ltr'><strong>villis</strong></span> <span class='ocrx_word' id='word_1_298' title='bbox 1213 4519 1250 4584; x_wconf 85' lang='lat' dir='ltr'><strong>et</strong></span> <span class='ocrx_word' id='word_1_299' title='bbox 1274 4513 1425 4586; x_wconf 90' lang='lat' dir='ltr'><strong>decimis</strong></span> <span class='ocrx_word' id='word_1_300' title='bbox 1442 4513 1566 4585; x_wconf 89' lang='lat' dir='ltr'><strong>dotata</strong></span> <span class='ocrx_word' id='word_1_301' title='bbox 1581 4513 1828 4606; x_wconf 89' lang='lat' dir='ltr'><strong>multipliciter</strong></span> <span class='ocrx_word' id='word_1_302' title='bbox 1851 4515 1888 4582; x_wconf 87' lang='lat' dir='ltr'><strong>et</strong></span> <span class='ocrx_word' id='word_1_303' title='bbox 1909 4504 2021 4577; x_wconf 84' lang='lat' dir='ltr'><strong>ditata.</strong></span> <span class='ocrx_word' id='word_1_304' title='bbox 2135 4527 2143 4542; x_wconf 92' lang='lat'><strong>·</strong></span> 
     </span>
    </p>
   </div>
   <div class='ocr_carea' id='block_1_17' title="bbox 462 4607 2022 5471">
    <p class='ocr_par' dir='ltr' id='par_1_17' title="bbox 462 4607 2022 5471">
     <span class='ocr_line' id='line_1_33' title="bbox 467 4607 2022 4716; baseline -0.009 -22"><span class='ocrx_word' id='word_1_305' title='bbox 467 4622 544 4694; x_wconf 93' lang='lat' dir='ltr'><strong>iore</strong></span> <span class='ocrx_word' id='word_1_306' title='bbox 567 4626 714 4693; x_wconf 86' lang='lat' dir='ltr'><strong>vastum</strong></span> <span class='ocrx_word' id='word_1_307' title='bbox 753 4625 790 4692; x_wconf 86' lang='lat' dir='ltr'><strong>et</strong></span> <span class='ocrx_word' id='word_1_308' title='bbox 825 4620 1011 4693; x_wconf 82' lang='lat' dir='ltr'><strong>desertum</strong></span> <span class='ocrx_word' id='word_1_309' title='bbox 1037 4626 1074 4693; x_wconf 88' lang='lat' dir='ltr'><strong>ei</strong></span> <span class='ocrx_word' id='word_1_310' title='bbox 1096 4625 1133 4693; x_wconf 91' lang='lat' dir='ltr'><strong>in</strong></span> <span class='ocrx_word' id='word_1_311' title='bbox 1157 4621 1388 4716; x_wconf 80' lang='lat' dir='ltr'><strong>solicitudine</strong></span> <span class='ocrx_word' id='word_1_312' title='bbox 1421 4624 1669 4706; x_wconf 87' lang='lat' dir='ltr'><strong>constitutum,</strong></span> <span class='ocrx_word' id='word_1_313' title='bbox 1705 4641 1773 4694; x_wconf 89' lang='lat' dir='ltr'><strong>nec</strong></span> <span class='ocrx_word' id='word_1_314' title='bbox 1796 4638 1860 4714; x_wconf 88' lang='lat' dir='ltr'><strong>pro</strong></span> <span class='ocrx_word' id='word_1_315' title='bbox 1888 4607 2022 4710; x_wconf 69' lang='lat' dir='ltr'><strong>palatis</strong></span> 
     </span>
     <span class='ocr_line' id='line_1_34' title="bbox 464 4721 2020 4822; baseline -0.015 -19"><span class='ocrx_word' id='word_1_316' title='bbox 464 4737 501 4803; x_wconf 84' lang='lat' dir='ltr'><strong>et</strong></span> <span class='ocrx_word' id='word_1_317' title='bbox 524 4732 708 4802; x_wconf 88' lang='lat' dir='ltr'><strong>canonicis</strong></span> <span class='ocrx_word' id='word_1_318' title='bbox 732 4728 892 4802; x_wconf 82' lang='lat' dir='ltr'><strong>faciendi</strong></span> <span class='ocrx_word' id='word_1_319' title='bbox 924 4732 962 4801; x_wconf 91' lang='lat' dir='ltr'><strong>in</strong></span> <span class='ocrx_word' id='word_1_320' title='bbox 994 4749 1036 4802; x_wconf 90' lang='lat' dir='ltr'><strong>co</strong></span> <span class='ocrx_word' id='word_1_321' title='bbox 1060 4730 1301 4802; x_wconf 85' lang='lat' dir='ltr'><strong>residenciam</strong></span> <span class='ocrx_word' id='word_1_322' title='bbox 1333 4730 1560 4822; x_wconf 87' lang='lat' dir='ltr'><strong>personalem</strong></span> <span class='ocrx_word' id='word_1_323' title='bbox 1593 4733 1864 4820; x_wconf 78' lang='lat' dir='ltr'><strong>congruentem,</strong></span> <span class='ocrx_word' id='word_1_324' title='bbox 1897 4721 2020 4792; x_wconf 89' lang='lat' dir='ltr'><strong>dictum</strong></span> 
     </span>
     <span class='ocr_line' id='line_1_35' title="bbox 465 4819 2020 4930; baseline -0.01 -19"><span class='ocrx_word' id='word_1_325' title='bbox 465 4840 655 4929; x_wconf 87' lang='lat' dir='ltr'><strong>collegium</strong></span> <span class='ocrx_word' id='word_1_326' title='bbox 682 4837 726 4909; x_wconf 91' lang='lat' dir='ltr'><strong>de</strong></span> <span class='ocrx_word' id='word_1_327' title='bbox 751 4858 933 4911; x_wconf 87' lang='lat' dir='ltr'><strong>consensu</strong></span> <span class='ocrx_word' id='word_1_328' title='bbox 957 4841 1182 4910; x_wconf 87' lang='lat' dir='ltr'><strong>serenissimi</strong></span> <span class='ocrx_word' id='word_1_329' title='bbox 1198 4841 1382 4930; x_wconf 89' lang='lat' dir='ltr'><strong>principis,</strong></span> <span class='ocrx_word' id='word_1_330' title='bbox 1407 4837 1543 4910; x_wconf 80' lang='lat' dir='ltr'><strong>donnini</strong></span> <span class='ocrx_word' id='word_1_331' title='bbox 1560 4837 1750 4930; x_wconf 79' lang='lat' dir='ltr'><strong>Wladislaj</strong></span> <span class='ocrx_word' id='word_1_332' title='bbox 1769 4837 1866 4926; x_wconf 88' lang='lat' dir='ltr'><strong>regis</strong></span> <span class='ocrx_word' id='word_1_333' title='bbox 1889 4819 2020 4902; x_wconf 76' lang='lat' dir='ltr'><strong>nolonte</strong></span> 
     </span>
     <span class='ocr_line' id='line_1_36' title="bbox 466 4925 2020 5044; baseline -0.016 -26"><span class='ocrx_word' id='word_1_334' title='bbox 466 4967 508 5018; x_wconf 89' lang='lat' dir='ltr'><strong>ac</strong></span> <span class='ocrx_word' id='word_1_335' title='bbox 530 4946 718 5018; x_wconf 75' lang='lat' dir='ltr'><strong>voluntate</strong></span> <span class='ocrx_word' id='word_1_336' title='bbox 735 4948 900 5018; x_wconf 76' lang='lat' dir='ltr'><strong>unanimi</strong></span> <span class='ocrx_word' id='word_1_337' title='bbox 921 4944 1186 5018; x_wconf 87' lang='lat' dir='ltr'><strong>honorabilium</strong></span> <span class='ocrx_word' id='word_1_338' title='bbox 1206 4949 1377 5031; x_wconf 82' lang='lat' dir='ltr'><strong>viromm,</strong></span> <span class='ocrx_word' id='word_1_339' title='bbox 1401 4947 1574 5039; x_wconf 87' lang='lat' dir='ltr'><strong>prepositi</strong></span> <span class='ocrx_word' id='word_1_340' title='bbox 1599 4951 1636 5016; x_wconf 89' lang='lat' dir='ltr'><strong>ct</strong></span> <span class='ocrx_word' id='word_1_341' title='bbox 1659 4947 1913 5018; x_wconf 89' lang='lat' dir='ltr'><strong>canonicorum</strong></span> <span class='ocrx_word' id='word_1_342' title='bbox 1936 4925 2020 5044; x_wconf 65' lang='lat' dir='ltr'><strong>ride</strong></span> 
     </span>
     <span class='ocr_line' id='line_1_37' title="bbox 462 5035 2019 5144; baseline -0.015 -19"><span class='ocrx_word' id='word_1_343' title='bbox 462 5055 546 5126; x_wconf 89' lang='lat' dir='ltr'><strong>llcct</strong></span> <span class='ocrx_word' id='word_1_344' title='bbox 579 5053 743 5126; x_wconf 90' lang='lat' dir='ltr'><strong>eiusdem</strong></span> <span class='ocrx_word' id='word_1_345' title='bbox 782 5053 936 5125; x_wconf 85' lang='lat' dir='ltr'><strong>ccclesia</strong></span> <span class='ocrx_word' id='word_1_346' title='bbox 975 5052 1167 5138; x_wconf 77' lang='lat' dir='ltr'><strong>lindensis,</strong></span> <span class='ocrx_word' id='word_1_347' title='bbox 1208 5054 1346 5126; x_wconf 87' lang='lat' dir='ltr'><strong>dictum</strong></span> <span class='ocrx_word' id='word_1_348' title='bbox 1382 5054 1574 5144; x_wconf 89' lang='lat' dir='ltr'><strong>collegium</strong></span> <span class='ocrx_word' id='word_1_349' title='bbox 1615 5052 1662 5125; x_wconf 92' lang='lat' dir='ltr'><strong>ad</strong></span> <span class='ocrx_word' id='word_1_350' title='bbox 1701 5050 1892 5125; x_wconf 84' lang='lat' dir='ltr'><strong>ecclesiam</strong></span> <span class='ocrx_word' id='word_1_351' title='bbox 1914 5035 2019 5112; x_wconf 76' lang='lat' dir='ltr'><strong>sancti</strong></span> 
     </span>
     <span class='ocr_line' id='line_1_38' title="bbox 464 5147 2019 5252; baseline -0.017 -18"><span class='ocrx_word' id='word_1_352' title='bbox 464 5161 649 5234; x_wconf 83' lang='lat' dir='ltr'><strong>Michaelis</strong></span> <span class='ocrx_word' id='word_1_353' title='bbox 687 5161 897 5252; x_wconf 87' lang='lat' dir='ltr'><strong>archangeli</strong></span> <span class='ocrx_word' id='word_1_354' title='bbox 933 5163 971 5232; x_wconf 91' lang='lat' dir='ltr'><strong>in</strong></span> <span class='ocrx_word' id='word_1_355' title='bbox 1011 5163 1199 5249; x_wconf 68' lang='lat' dir='ltr'><strong>Wpezoae)</strong></span> <span class='ocrx_word' id='word_1_356' title='bbox 1233 5161 1497 5244; x_wconf 81' lang='lat' dir='ltr'><strong>transtulimus,</strong></span> <span class='ocrx_word' id='word_1_357' title='bbox 1534 5159 1680 5232; x_wconf 91' lang='lat' dir='ltr'><strong>domino</strong></span> <span class='ocrx_word' id='word_1_358' title='bbox 1715 5160 1789 5232; x_wconf 91' lang='lat' dir='ltr'><strong>ileo</strong></span> <span class='ocrx_word' id='word_1_359' title='bbox 1825 5147 2019 5228; x_wconf 81' lang='lat' dir='ltr'><strong>adiuuante.</strong></span> 
     </span>
     <span class='ocr_line' id='line_1_39' title="bbox 462 5243 2019 5362; baseline -0.012 -20"><span class='ocrx_word' id='word_1_360' title='bbox 462 5269 658 5362; x_wconf 89' lang='lat' dir='ltr'><strong>Cupientes</strong></span> <span class='ocrx_word' id='word_1_361' title='bbox 683 5289 827 5360; x_wconf 88' lang='lat' dir='ltr'><strong>quoque</strong></span> <span class='ocrx_word' id='word_1_362' title='bbox 859 5269 1076 5361; x_wconf 83' lang='lat' dir='ltr'><strong>exspectati</strong></span> <span class='ocrx_word' id='word_1_363' title='bbox 1102 5261 1299 5341; x_wconf 83' lang='lat' dir='ltr'><strong>dcuocione</strong></span> <span class='ocrx_word' id='word_1_364' title='bbox 1322 5269 1509 5354; x_wconf 88' lang='lat' dir='ltr'><strong>allectum,</strong></span> <span class='ocrx_word' id='word_1_365' title='bbox 1542 5289 1650 5359; x_wconf 87' lang='lat' dir='ltr'><strong>quem</strong></span> <span class='ocrx_word' id='word_1_366' title='bbox 1676 5267 1722 5340; x_wconf 87' lang='lat' dir='ltr'><strong>ml</strong></span> <span class='ocrx_word' id='word_1_367' title='bbox 1745 5263 1898 5340; x_wconf 79' lang='lat' dir='ltr'><strong>condona</strong></span> <span class='ocrx_word' id='word_1_368' title='bbox 1921 5243 2019 5324; x_wconf 64' lang='lat' dir='ltr'><strong>pectr-</strong></span> 
     </span>
     <span class='ocr_line' id='line_1_40' title="bbox 463 5357 2015 5471; baseline -0.019 -16"><span class='ocrx_word' id='word_1_369' title='bbox 463 5385 553 5456; x_wconf 91' lang='lat' dir='ltr'><strong>siam</strong></span> <span class='ocrx_word' id='word_1_370' title='bbox 579 5379 825 5452; x_wconf 88' lang='lat' dir='ltr'><strong>Velnuensom</strong></span> <span class='ocrx_word' id='word_1_371' title='bbox 849 5380 1023 5471; x_wconf 73' lang='lat' dir='ltr'><strong>gerimus</strong></span> <span class='ocrx_word' id='word_1_372' title='bbox 1058 5379 1197 5451; x_wconf 91' lang='lat' dir='ltr'><strong>cultum</strong></span> <span class='ocrx_word' id='word_1_373' title='bbox 1222 5377 1387 5451; x_wconf 76' lang='lat' dir='ltr'><strong>dituuum</strong></span> <span class='ocrx_word' id='word_1_374' title='bbox 1419 5379 1456 5449; x_wconf 92' lang='lat' dir='ltr'><strong>lu</strong></span> <span class='ocrx_word' id='word_1_375' title='bbox 1480 5397 1524 5450; x_wconf 90' lang='lat' dir='ltr'><strong>ca</strong></span> <span class='ocrx_word' id='word_1_376' title='bbox 1555 5376 1738 5470; x_wconf 89' lang='lat' dir='ltr'><strong>ampliare,</strong></span> <span class='ocrx_word' id='word_1_377' title='bbox 1770 5373 1846 5464; x_wconf 88' lang='lat' dir='ltr'><strong>iugi</strong></span> <span class='ocrx_word' id='word_1_378' title='bbox 1879 5357 2015 5438; x_wconf 76' lang='lat' dir='ltr'><strong>medita·</strong></span> 
     </span>
    </p>
   </div>
   <div class='ocr_carea' id='block_1_18' title="bbox 0 0 2338 6352">
    <p class='ocr_par' dir='ltr' id='par_1_18' title="bbox 0 0 2338 6352">
     <span class='ocr_line' id='line_1_41' title="bbox 0 0 2338 6352; baseline 0 0"><span class='ocrx_word' id='word_1_379' title='bbox 0 0 2338 6352; x_wconf 95' lang='lat' dir='ltr'><strong> </strong></span> 
     </span>
    </p>
   </div>
  </div>
 </body>
</html>
