4706 6356
1691 357 1895 468 ¹rr

357 595 464 674 nullis
487 598 652 682 exclusis,
683 597 831 670 liberam
855 599 1075 690 piscaturam
1098 601 1134 668 et
1156 595 1319 698 piscandi
1355 617 1397 668 ac
1420 598 1621 690 piscaturas
1645 593 1801 666 casdem·
1815 595 1897 684 alijs
1937 569 1940 574 ⁵

109 718 115 730 '
209 749 219 768 ·
304 755 308 762 -
362 705 599 780 conueniendi
623 726 688 778 scu
712 705 910 798 exponendi
941 704 1183 778 omnimodam
1206 709 1432 798 potestatem,
1462 705 1645 796 perpetuis
1679 703 1898 795 temporibus

354 815 576 888 duraturam.
623 813 696 886 Nos
719 835 783 908 pro
807 835 848 886 oo
873 817 909 886 et
932 817 969 886 in
993 834 1264 906 recompensam
1287 813 1462 885 libertatis
1487 813 1645 904 prodicta
1669 815 1790 883 nostro
1813 811 1897 882 libe·

359 941 549 1011 rornmque
583 925 619 993 et
652 943 901 994 suceessorum
936 927 1139 994 nostrorum
1169 921 1374 994 nominibus
1405 921 1544 1014 prolato
1577 919 1722 991 domino
1752 917 1897 990 Nicolao

359 1027 623 1122 archiepiscopo
648 1035 690 1110 ¹et
719 1030 986 1102 successoribus
1017 1021 1402 1122 suisarch'iepiscopis
1427 1027 1696 1102 Gneznensibus
1720 1026 1897 1119 subscrip·

359 1143 432 1210 tam
456 1138 620 1208 similitor
648 1137 777 1210 damus
802 1141 837 1209 et
860 1137 1089 1210 concedimus
1118 1137 1330 1222 libertatem,
1362 1137 1457 1228 quod
1479 1138 1586 1208 liceat
1609 1136 1678 1206 sibi
1702 1138 1739 1206 et
1761 1128 1897 1206 eisdem

361 1245 626 1324 successorihus
664 1247 740 1316 suis
779 1267 821 1318 ac
856 1245 1060 1318 hominihus
1098 1247 1213 1338 ipsius
1259 1246 1393 1317 domini
1432 1245 1691 1338 archiepiscopi
1734 1241 1778 1314 do
1812 1243 1899 1314 nilla

359 1355 509 1438 Ostroarj
541 1351 721 1426 antedicta
747 1355 785 1424 in
810 1353 934 1426 eodem
966 1353 1080 1426 ilnuio
1102 1357 1223 1426 nostro
1248 1354 1343 1425 dicto
1370 1355 1488 1442 Wpatc
1512 1351 1679 1423 videlicet
1701 1371 1765 1444 per
1787 1351 1898 1440 longi·
1975 1433 1978 1440 A

361 1459 522 1534 tudinem
552 1465 588 1532 et
617 1461 844 1533 latitudinem
878 1462 1049 1534 limittum
1081 1465 1117 1533 et
1146 1462 1387 1552 granicierum
1419 1460 1628 1532 hereditatis
1661 1463 1781 1532 nostre
1810 1461 1898 1548 Pye-

362 1567 732 1655 conclamitare
768 1569 813 1640 ad
849 1567 945 1642 aliud
976 1567 1063 1640 litus
1095 1571 1241 1642 alterius
1274 1571 1387 1662 partis
1421 1569 1526 1660 iluuij
1562 1567 1784 1639 decurrentis
1815 1587 1898 1638 curn

361 1677 489 1770 paruis
512 1675 673 1748 rethibus
697 1679 829 1770 piscari
852 1679 948 1749 etin
972 1676 1097 1750 eodem
1120 1677 1233 1748 fluuio
1256 1681 1378 1749 nostro
1403 1677 1448 1748 ab
1471 1697 1542 1749 vno
1565 1677 1683 1748 littore
1707 1694 1773 1746 seu
1795 1677 1899 1766 rippa

349 1781 524 1866 ¹eiusdem
546 1783 649 1876 fluuij
677 1783 722 1858 ad
747 1785 844 1857 uliud
866 1786 967 1856 littus
991 1805 1057 1856 seu
1086 1786 1236 1878 rippam,
1266 1784 1484 1876 abicumque
1507 1785 1576 1856 sibi
1600 1787 1637 1855 et
1659 1783 1737 1854 suis
1760 1801 1900 1854 succes·

365 1889 504 1964 soribus
534 1891 717 1985 placuerit,
748 1893 973 1966 obstaculum
1005 1891 1142 1964 dictum
1172 1914 1258 1981 aasz
1287 1913 1351 1984 pro
1387 1891 1570 1986 capiendis
1605 1888 1825 1963 sturiouibus
1865 1894 1901 1963 et

360 1999 579 2072 sulmonibus
611 2021 721 2094 supra
755 2005 792 2072 et
821 1999 916 2072 inira
946 1999 1075 2086 iacere,
1111 2001 1327 2092 eosdemque
1360 2003 1556 2073 struriones
1589 2003 1626 2072 et
1655 1997 1835 2072 salmones
1864 2003 1901 2070 et

361 2107 536 2200 quoslibet
565 2108 653 2181 alios
681 2111 799 2202 pisces
823 2111 860 2180 in
884 2107 978 2180 dicto
1008 2107 1192 2180 obstaculo
1223 2110 1356 2200 piscari
1387 2111 1423 2179 et
1446 2129 1573 2202 capere
1606 2107 1759 2198 singulis
1792 2108 1899 2188 ,annis

362 2215 578 2308 temporibus
601 2219 783 2309 perpetuis
807 2217 971 2288 similiter
999 2215 1190 2288 duraturis.
1236 2217 1312 2288 Hoc
1342 2220 1464 2288 tamen
1487 2217 1642 2300 excluso,
1675 2213 1770 2308 quod
1802 2214 1899 2288 idem

364 2323 528 2395 dominus
552 2323 720 2396 Nicotaus
744 2325 1033 2417 archiepiscopus
1068 2343 1185 2414 neque
1208 2343 1435 2396 successores
1467 2326 1525 2396 sui
1556 2343 1624 2396 nee
1658 2343 1723 2417 per
1750 2343 1800 2408 so,
1833 2343 1900 2396 nec

364 2449 427 2524 per
456 2429 619 2503 homines
649 2452 734 2504 suos
771 2453 854 2504 cum
884 2435 1026 2522 magnis
1059 2431 1221 2503 rethibus
1251 2437 1289 2503 et
1319 2433 1505 2522 signanter
1538 2434 1684 2503 utrecht
1721 2432 1901 2534 wlgariter

363 2537 477 2622 dictis,
509 2539 547 2610 in
571 2537 696 2611 eodem
723 2540 838 2612 ssuuio
868 2544 988 2612 nostro
1018 2541 1219 2633 piscaturas
1250 2541 1381 2632 poterit
1413 2544 1477 2611 aut
1507 2541 1663 2632 poterint
1693 2539 1811 2611 lacere
1840 2539 1900 2612 uel

207 2677 213 2688 ·
325 2649 334 2662 '
363 2645 443 2738 olijs
466 2649 667 2733 conuenire,
692 2668 782 2739 quas
800 2649 901 2720 uobis
921 2651 957 2718 et
971 2647 1239 2720 successoribus
1255 2649 1388 2719 uostris
1411 2651 1678 2736 (re)semamus,
1702 2646 1767 2718 sed
1783 2646 1899 2718 obsta·

362 2753 440 2825 culo
472 2752 597 2826 eodem
627 2759 665 2828 et
697 2758 828 2849 parnis
858 2755 994 2828 retibus
1022 2759 1211 2828 contentus
1244 2760 1281 2828 et
1315 2757 1474 2828 contenti
1508 2755 1640 2840 debent
1673 2775 1764 2840 esse,
1803 2753 1900 2846 quod

365 2861 588 2935 obstaculum
614 2866 654 2936 in
676 2863 914 2956 preiudicium
946 2863 1123 2936 obstaculi
1153 2862 1284 2957 prelati
1314 2861 1451 2934 domini
1470 2861 1739 2956 archiepiscopi
1762 2865 1799 2934 et
1821 2883 1900 2935 sno·

362 2989 543 3042 caesorum
566 2991 714 3044 suorum
745 2992 861 3063 neque
884 2992 950 3044 nos
973 2991 1089 3063 neque
1113 2990 1339 3044 successores
1364 2975 1427 3044 sut
1447 2971 1549 3063 liberi
1574 2973 1689 3044 nostri
1711 2973 1751 3043 in
1773 2969 1900 3044 eodem

362 3077 476 3150 iluuio
497 3083 618 3150 nostro
641 3079 762 3152 tacere
790 3100 950 3171 anquam
972 3079 1145 3152 debemus
1169 3067 1285 3171 neque
1307 3081 1516 3172 poterimus,
1546 3099 1614 3152 nec
1644 3078 1746 3172 slijs,
1768 3083 1899 3172 preter·

268 3249 271 3252 ,
360 3206 466 3276 quam
489 3185 638 3277 prelatis
662 3186 805 3260 domino
822 3187 1089 3281 archiepiscopo
1110 3190 1146 3259 et
1161 3187 1430 3260 successoribus
1445 3189 1533 3271 suis,
1550 3186 1745 3259 concedere
1767 3185 1899 3260 iacien-

359 3291 455 3366 dum.
482 3293 726 3367 Promittimus
742 3297 889 3388 insuper
904 3299 967 3383 (et)
984 3299 1060 3366 tam
1075 3315 1141 3367 nos
1165 3298 1202 3366 et
1224 3299 1365 3368 nostros
1388 3292 1614 3368 successores
1638 3295 1840 3385 obligamus
1864 3300 1901 3367 et

330 3399 515 3492 -obligars
536 3401 703 3474 volumus
725 3424 790 3496 per
811 3407 1006 3496 presentes,
1040 3403 1135 3495 quod
1159 3402 1204 3475 de
1225 3403 1313 3474 villa
1341 3407 1465 3476 nostra
1494 3405 1683 3492 &abach
1707 3423 1772 3496 per
1800 3403 1900 3474 here·

360 3507 509 3581 ditatam
543 3515 703 3582 nostram
725 3513 964 3601 messaara
986 3501 1242 3604 nuncupatam,
1270 3513 1370 3583 riam
1392 3510 1542 3583 liberam
1571 3510 1685 3584 latam
1708 3514 1745 3584 et
1767 3510 1899 3584 bonam

359 3637 472 3709 usque
502 3616 550 3690 sd
576 3617 678 3690 littus
709 3617 796 3692 dicti
832 3619 937 3712 fluuij
972 3619 1086 3692 nostri
1118 3621 1238 3709 Wpsta
1264 3621 1371 3692 iuxta·
1397 3617 1695 3692 consuetudinem
1733 3621 1826 3691 terre
1864 3623 1901 3691 et

361 3723 510 3798 aliamm
546 3727 688 3799 riarum
733 3725 820 3799 dare
860 3733 897 3799 et
935 3747 1110 3824 exponere
1147 3731 1184 3799 et
1220 3729 1259 3800 in
1297 3729 1376 3819 ipso
1412 3727 1531 3799 littore
1569 3731 1691 3800 nostro
1727 3726 1774 3799 ad
1819 3726 1931 3800 dex·¹
1992 3797 2000 3808 ,

362 3833 516 3906 tremet
541 3836 725 3907 sinistram
754 3825 875 3928 partes
906 3834 1068 3908 eiusdem
1097 3837 1156 3906 rie
1185 3833 1336 3936 liberam
1366 3837 1403 3907 et
1432 3833 1676 3907 sufficientem
1709 3834 1900 3926 lignorum,

358 3937 526 4014 robomm
549 3946 586 4014 et
607 3945 769 4014 omnium
792 3945 1076 4016 necessariorum
1107 3945 1222 4037 ipsius
1251 3942 1387 4016 domini
1417 3943 1676 4036 archiepiscopi
1707 3942 1900 4036 deposicio-

364 4065 447 4120 uem
468 4048 597 4136 iacere,
621 4048 683 4122 vbi
704 4050 872 4124 videlicet
893 4051 994 4142 ligna
1015 4071 1079 4144 pro
1104 4050 1229 4124 eodem
1253 4049 1438 4124 obstaculo
1460 4053 1601 4143 possint
1623 4052 1741 4122 iacere
1764 4055 1800 4124 et
1823 4071 1900 4124 cur·

361 4171 423 4228 rus
441 4159 672 4230 veciencium
693 4177 758 4252 prr
780 4158 931 4232 eandem
954 4161 1052 4232 viam
1077 4163 1188 4248 (cum)
1211 4160 1320 4250 lignis
1343 4159 1513 4252 predictis
1536 4159 1596 4232 uel
1618 4159 1811 4232 frumentis
1833 4179 1900 4232 seu

285 4269 289 4278 '
360 4279 442 4336 cum
465 4266 750 4358 quibuscumque
770 4267 851 4358 alijs
875 4269 1090 4360 necessarijs
1113 4267 1243 4360 prelati
1259 4267 1395 4340 domini
1408 4267 1669 4361 archiepiscopi
1693 4271 1730 4338 et
1749 4287 1900 4340 suorum

360 4387 605 4446 successorum
627 4377 768 4468 possint
790 4375 910 4448 iacere
937 4379 974 4448 et
996 4374 1127 4468 deponi
1155 4375 1311 4468 quelibet
1334 4377 1538 4448 necessaria
1558 4374 1777 4470 supradicta.
1808 4375 1899 4464 Quo·

365 4495 443 4552 mm
464 4483 581 4554 eciam
601 4482 783 4573 tignorum
804 4488 845 4554 et
866 4482 1016 4557 allorum
1047 4485 1331 4556 necessariorum
1353 4483 1557 4556 vectoribus
1580 4482 1704 4556 licebit
1733 4486 1772 4556 iu
1793 4483 1898 4556 bonis

358 4581 564 4661 hereditatis
587 4593 972 4680 nostrePpecaowc'sta
995 4591 1175 4664 antedlcte
1196 4594 1332 4685 absque
1353 4591 1549 4685 preludicio
1567 4596 1753 4684 pratorum
1775 4612 1897 4683 equos,

246 4734 249 4737 -
359 4708 468 4784 equas
491 4717 557 4769 seu
578 4696 691 4772 boues
714 4701 752 4770 in
774 4700 997 4789 graminibus
1020 4698 1202 4793 pabulare,
1232 4701 1333 4790 ligna
1355 4719 1496 4793 quoquc
1528 4720 1593 4793 pro
1625 4701 1710 4790 igne
1740 4699 1828 4792 ipsis
1859 4702 1897 4773 ln

358 4795 473 4878 littore
494 4805 659 4880 iaciendo
680 4805 849 4880 similiter
869 4808 1006 4898 absque
1030 4807 1186 4902 dampno
1210 4808 1368 4881 incidere
1390 4805 1501 4880 libere
1525 4811 1562 4880 et
1584 4809 1684 4900 quiet
1706 4863 1714 4878 .
1761 4807 1810 4880 Vt
1832 4811 1897 4899 igi·

360 4907 416 4980 tar
437 4911 674 4986 ordinacionis
705 4918 742 4986 et
769 4917 1049 5008 permutacionis
1072 4915 1314 5010 predictorum
1345 4919 1551 4988 contractus
1573 4920 1785 5008 perpetuam
1808 4915 1895 4990 obti-

358 5021 439 5090 mat
459 5021 681 5108 irminam,
714 5029 900 5115 presentes
922 5023 1045 5096 literas
1068 5025 1178 5096 scribi
1210 5029 1246 5096 et
1276 5027 1390 5096 nostri
1414 5025 1632 5118 appensione
1662 5025 1773 5114 sigilli
1796 5045 1897 5098 eurc-
2001 5113 2004 5119 Δ

358 5121 474 5200 nimus
497 5132 722 5222 communiri.
767 5133 902 5204 Actum
929 5137 969 5204 et
991 5131 1116 5205 datum
1140 5135 1179 5206 in
1201 5135 1320 5205 castro
1343 5135 1490 5220 morice,
1524 5134 1563 5204 iu
1586 5135 1742 5204 crastino
1766 5133 1895 5206 Visite·

358 5229 466 5307 dante
497 5237 606 5310 hieria
627 5239 779 5328 virginis
814 5239 976 5329 gloriose,
1012 5261 1106 5314 anno
1141 5241 1285 5313 Domini
1319 5241 1508 5314 millesimo
1544 5238 1896 5332 quadringentesimo

358 5339 486 5428 quinto.
532 5345 760 5420 Preseutibus
784 5345 979 5446 honorabili
1006 5355 1042 5425 et
1064 5349 1242 5424 nobilibus
1266 5353 1369 5428 viris:
1392 5350 1539 5426 Alberto
1561 5350 1750 5424 scolastico
1772 5351 1897 5426 banci·
