4720 6360
21 3897 28 3928 ,
57 3867 194 3920 necnon

21 3955 192 4046 tronarsijs

33 4061 67 4132 in
91 4066 191 4134 curia

21 4167 130 4240 icibus
152 4179 189 4240 et

21 4277 187 4349 u'corditer

21 4401 51 4454 nr
73 4387 184 4478 stipu-

21 4513 23 4552 =
44 4493 179 4564 duobus

21 4609 177 4714 runculo·

21 4835 32 4884 r
65 4817 172 4888 mille·

21 4925 168 4994 lctisalnri

21 5032 167 5104 rouideu·

37 5141 165 5211 mensis

21 5247 163 5319 mitono

21 5355 159 5446 iptorum

1764 471 1766 478 ‚
1890 379 1954 460 137

428 587 488 692 ..ἃ
510 591 576 666 ime
598 589 807 659 voeatomm
831 591 867 658 et
889 589 1093 676 rogatorum
1125 585 1319 678 presencia,
1332 585 1577 678 personaliter
1600 586 1785 659 eerratituti
1809 585 1956 657 honora-

429 705 529 800 ,bllcs
552 697 619 768 riri
642 692 776 765 domini
809 691 977 766 Nicotaus
1003 691 1191 784 Strosberg
1222 693 1424 788 prepositus
1455 715 1520 765 sue
1560 697 1595 766 et
1629 693 1957 786 prepositure'sue,

428 823 575 908 ‚necnon
603 801 756 872 llauczel
780 800 948 886 decanus,
983 801 1132 873 lacobus
1157 807 1287 884 eustos,
1321 801 1489 873 Nicolaus
1525 803 1743 874 Strzesconls
1778 799 1957 884 ellicialls,

428 915 553 1012 „herke
577 909 621 982 de
646 911 778 993 Vaeoto,
803 907 999 980 Blisborius
1025 907 1069 980 de
1093 909 1299 997 Qruetlcowe,
1325 909 1493 981 Nicolaus
1516 909 1690 1000 Bronissij
1717 927 1760 980 ac
1789 905 1958 978 Nicolaus

428 1015 750 1120 ,ueemnedlarius
766 1020 864 1106 regie
884 1019 1093 1100 maiestatis
1118 1015 1286 1087 Nicolaus
1302 1017 1346 1088 de
1361 1019 1480 1088 Gorlra
1497 1021 1532 1088 et
1546 1017 1714 1088 Albrieus
1739 1015 1783 1086 de
1798 1017 1958 1098 Modiam,
2032 1023 2035 1030 ’

430 1126 602 1224 ,canonici
625 1129 662 1195 et
683 1125 811 1216 prelati
834 1130 959 1195 sancte
983 1125 1132 1196 ecclesie
1156 1123 1385 1208 Grreznensis,
1422 1146 1464 1195 ex
1497 1125 1609 1196 altera
1631 1123 1804 1216 partibuS,
1836 1141 1959 1194 eorum

429 1247 480 1330 ,et
501 1231 689 1308 cuiuslibet
704 1249 827 1302 eorum
843 1251 885 1304 ac
902 1233 1016 1302 tocirrs
1041 1231 1188 1324 capituli
1212 1233 1326 1322 ipsias
1343 1233 1494 1303 ecclesie
1509 1231 1729 1304 Gneznensis
1753 1229 1959 1302 nominibus

429 1345 640 1436 ,asserentes
664 1359 703 1408 se
728 1337 774 1410 ad
805 1338 872 1410 boc
901 1337 1033 1410 babere
1056 1340 1202 1430 plenum
1228 1337 1449 1423 arandalum,
1486 1339 1580 1430 quod
1604 1345 1690 1410 tunc
1719 1358 1801 1410 eum
1826 1337 1962 1409 ellectu

308 1535 318 1562 ι
428 1451 511 1542 „sub
533 1445 676 1542 publica
698 1451 734 1518 et
758 1449 939 1519 autentica
963 1465 1073 1518 mauu
1096 1445 1290 1538 producere
1314 1451 1555 1538 promiserunt
1578 1449 1614 1517 in
1638 1447 1715 1516 loeo
1740 1450 1776 1516 et
1797 1447 1961 1517 temrinis
2103 1488 2107 1497 ·

429 1557 635 1656 „oportunis
660 1557 696 1624 ct
715 1573 757 1624 ex
774 1559 1008 1626 cartaeorum
1026 1556 1182 1626 sciencia
1206 1573 1277 1626 non
1296 1557 1343 1638 ui,
1369 1553 1459 1640 dolo,
1485 1559 1593 1638 metu,
1619 1555 1806 1636 scissione,
1831 1571 1962 1642 sugge-

429 1671 557 1761 „stlone
572 1667 635 1735 eut
648 1661 774 1733 iraude
794 1663 1039 1746 circumuenti,
1064 1662 1129 1734 sed
1145 1681 1267 1734 eorum
1290 1661 1385 1733 bona
1401 1667 1438 1734 et
1451 1663 1563 1734 libera
1579 1663 1834 1751 uoluntateque
1858 1681 1962 1752 spon·

429 1787 548 1869 „tanea
575 1771 895 1862 compromiserunt
927 1775 962 1840 et
996 1772 1293 1862 compromissum
1325 1769 1488 1842 iecerunt
1519 1770 1739 1842 unanimiter
1761 1775 1797 1839 ct
1821 1788 1963 1840 concor·

430 1886 534 1974 ,diter
555 1882 649 1951 inter
671 1897 710 1947 ss
734 1877 779 1947 de
803 1897 924 1948 comm
956 1879 1139 1948 comaruni
1161 1877 1355 1962 voluntate,
1388 1876 1433 1949 de
1467 1878 1538 1948 alte
1563 1882 1599 1948 et
1621 1877 1729 1948 basso
1752 1878 1790 1947 in
1813 1877 1963 1947 serenis·

428 1995 574 2082 ,simum
596 1987 794 2078 principem
824 1989 860 2056 at
883 1984 1079 2070 domiuum,
1111 1983 1295 2057 dominum
1320 1984 1559 2058 wladislaum
1589 1983 1657 2057 Dei
1688 1985 1810 2074 gracia
1840 2002 1963 2072 regem

429 2097 594 2188 ,Palania
624 2092 675 2164 lbi
704 2097 791 2164 tune
825 2097 1028 2184 presentem
1063 2097 1099 2164 et
1132 2091 1202 2164 hoe
1236 2096 1536 2184 compromissum
1571 2091 1615 2164 de
1649 2091 1745 2165 bona
1778 2091 1963 2162 voluntate

430 2205 699 2296 „complentem
727 2205 913 2290 tamquam
937 2202 973 2270 in
999 2199 1183 2285 arbitrum,
1209 2201 1455 2273 arbitratorem
1479 2205 1515 2272 et
1539 2199 1765 2273 amicabilem
1789 2201 1962 2290 composi·
2048 2189 2053 2199 “

432 2319 557 2401 ,torem
580 2313 616 2379 et
638 2307 860 2379 laudatorem
884 2307 929 2377 dc
960 2313 997 2377 et.
1027 2327 1136 2398 super·
1165 2307 1329 2379 carnibus
1355 2313 1391 2378 ct
1414 2308 1566 2398 singulis
1596 2309 1778 2399 inimieijs,
1810 2309 1965 2398 iniun'js,

431 2417 685 2510 „displiceneijs
708 2414 912 2487 verbalibus
936 2421 973 2487 et
995 2415 1163 2499 realibus,
1199 2435 1242 2486 ae
1280 2415 1487 2499 consciens,
1523 2413 1750 2488 ordinacione
1781 2420 1817 2486 et
1847 2416 1966 2506 proui-

432 2529 545 2616 ,slone
572 2523 750 2608 villarum,
782 2541 852 2614 que
874 2522 958 2593 lille
982 2523 1128 2614 capituli
1160 2523 1309 2594 ecclesie
1333 2523 1841 2616 (lucanensisnuneupantur,
1874 2541 1964 2612 quas

431 2633 549 2721 ,villas
571 2631 702 2724 prelati
724 2629 860 2702 domini
891 2633 1054 2702 canonici
1078 2637 1113 2701 et
1136 2632 1264 2723 prelati
1288 2651 1330 2701 ae
1354 2630 1552 2724 capitulum
1575 2651 1638 2724 pro
1663 2630 1820 2722 capitulo
1844 2622 1975 2714 adse,

432 2745 592 2832 ,ipseque
615 2737 781 2810 domines
809 2737 977 2811 Nicolaus
1009 2741 1211 2830 prepositus
1235 2759 1298 2830 pre
1323 2757 1362 2809 se
1386 2741 1423 2810 et
1452 2737 1499 2810 ad
1522 2758 1562 2810 se
1585 2759 1627 2810 ac
1651 2733 1718 2810 sna
1742 2740 1967 2830 prepositura

432 2847 645 2934 ,lineamensi
669 2845 878 2918 asserebant
900 2849 1088 2939 pertinere,
1112 2865 1251 2917 necnon
1275 2863 1384 2938 super
1407 2846 1573 2917 omnibus
1598 2851 1633 2918 et
1651 2845 1804 2935 singulis
1829 2845 1966 2917 iuribus

432 2959 485 3042 ,et
510 2953 819 3026 iurisdiecienibua
854 2953 948 3024 dicte
983 2955 1206 3046 prepositure
1230 2953 1460 3038 Grreanensis,
1499 2973 1607 3046 super
1640 2953 1770 3044 quibus
1799 2953 1966 3024 omnibus

434 3067 487 3148 ,et
508 3061 668 3151 singulis,
692 3063 733 3132 ut
756 3059 851 3133 dicte
873 3067 994 3154 partes
1022 3063 1179 3132 inuicem
1211 3061 1420 3133 asserebant
1442 3066 1479 3133 et
1501 3063 1554 3133 rei
1577 3061 1800 3153 experleueia
1823 3059 1968 3132 demon·

431 3169 591 3256 ,strabat
615 3169 722 3258 longo
745 3174 907 3260 tempore
928 3173 1005 3240 tam
1029 3171 1066 3240 ln
1090 3171 1190 3240 curia
1212 3169 1384 3253 Romana,
1408 3189 1518 3260 quam
1542 3173 1650 3254 extra,
1675 3189 1797 3241 ceram
1813 3167 1966 3240 diuersis

433 3275 600 3362 ‚dominis
624 3275 857 3360 auditoribus,
890 3278 1160 3368 commissarijs,
1190 3276 1369 3349 iudicibus
1400 3275 1575 3366 delegatis
1599 3281 1636 3349 et
1658 3275 1902 3367 subdelegatis
1927 3297 1968 3348 ae

433 3383 767 3469 ,conseruatoribus
799 3386 1133 3476 compromissarljs,
1158 3385 1311 3467 arbitris,
1336 3383 1606 3456 arbitratoribus
1643 3403 1685 3456 ac
1718 3383 1967 3457 amicabilibus
2050 3407 2053 3412 ⁴

432 3491 742 3583 ,compositoribus
769 3495 849 3562 orta
876 3491 1003 3576 iuerat,
1039 3497 1116 3562 erat
1140 3498 1176 3562 et
1197 3511 1294 3563 nune
1325 3496 1381 3564 est
1410 3493 1504 3563 iuter
1533 3491 1648 3563 dietas
1671 3497 1793 3584 partes
1817 3493 1968 3564 nrateria
2057 3563 2060 3569 .

434 3601 644 3688 ,quatieris
679 3617 803 3672 eornm
832 3604 869 3670 et
903 3599 1094 3671 cuiuslibet
1129 3619 1252 3671 eorum
1284 3601 1482 3684 occasione,
1518 3598 1645 3671 dantes
1670 3605 1707 3671 et
1730 3598 1968 3672 concedentes

435 3703 544 3792 ,dicte
566 3713 686 3800 partes
710 3711 746 3778 et
768 3707 925 3797 quelibet
948 3727 1071 3778 canam
1095 3705 1254 3799 predicto
1277 3705 1423 3779 domino
1445 3709 1533 3797 regi,
1568 3705 1700 3778 arbitro
1731 3707 1790 3778 uel
1822 3707 1969 3779 arbitra·

437 3815 521 3898 ,tori
543 3831 606 3886 seu
630 3813 809 3886 amicabili
833 3817 1062 3906 compositori
1085 3817 1206 3904 vigore
1238 3817 1415 3906 presentis
1440 3817 1688 3907 compromissi
1712 3817 1910 3909 assumptis
1926 3821 1972 3886 et

436 3923 602 4013 ,receptis
637 3921 683 3996 ed
715 3942 756 3993 se
789 3925 843 3993 tet
875 3923 1038 4013 personis
1074 3921 1326 3994 ecelesiasticis
1362 3926 1398 3994 et
1431 3921 1663 4007 secularibus,
1696 3921 1904 3994 reuereudls
1933 3909 1971 3993 in

436 4025 589 4114 ,cbristo
612 4029 785 4124 patribus,
814 4027 980 4113 dammis,
1003 4028 1179 4101 vvidelieet·
1202 4029 1468 4122 archiepiscope
1493 4035 1530 4101 et
1552 4031 1730 4123 episeopis
1754 4051 1797 4104 ac
1821 4029 1971 4102 doctori·

437 4133 520 4218 ,bus
542 4140 579 4209 et
599 4139 823 4230 iurisperitis,
849 4141 896 4209 ut
919 4136 1077 4208 satisfiat
1099 4138 1167 4208 luri
1192 4136 1335 4220 dicenti,
1366 4137 1499 4209 laicum
1521 4156 1594 4209 nou
1615 4155 1723 4230 pesse
1747 4137 1911 4210 arbitrari
1933 4139 1973 4210 ln
2039 4199 2041 4202 .

438 4239 555 4322 „boma
569 4245 832 4328 ecelesiasticis,
848 4265 986 4316 necnon
1005 4245 1189 4329 militibus,
1206 4245 1398 4318 baronibus
1415 4247 1451 4317 et
1467 4244 1547 4336 eiljs
1562 4243 1858 4337 quibuscumque,
1882 4266 1972 4338 quos
2061 4240 2064 4247 ’

437 4345 589 4431 ‚duxerit
602 4351 791 4426 secandos
815 4359 851 4424 et
870 4351 1063 4442 eligendos,
1087 4351 1231 4444 plenam
1256 4357 1290 4424 et
1305 4351 1457 4424 liberam
1471 4355 1696 4445 potestatem,
1722 4356 1973 4427 auctoritatem

437 4461 490 4539 ,et
510 4457 707 4546 licenciam,
736 4480 778 4532 ae
802 4461 916 4532 eciam
944 4459 1090 4552 plenum
1115 4463 1152 4532 et
1173 4459 1326 4532 liberum
1350 4460 1536 4533 arbitrium
1560 4465 1596 4532 et
1618 4460 1851 4534 irreuoeabile
1875 4481 1973 4534 nran-

436 4561 586 4651 ,datum
618 4569 739 4640 omnia
769 4573 806 4641 et
835 4569 978 4658 singule
1001 4571 1179 4662 promissa
1198 4569 1420 4662 simpliciter
1442 4566 1546 4640 etde
1568 4569 1686 4660 plano,
1718 4571 1796 4642 sine
1819 4571 1971 4662 strepltu

356 4735 360 4743 .
436 4675 489 4750 „et
520 4673 639 4766 ligura
668 4675 790 4768 iudiclj
826 4695 868 4748 ac
899 4679 1095 4749 summarie
1124 4679 1162 4748 in
1194 4679 1338 4770 seriptis
1369 4677 1427 4748 uel
1457 4677 1536 4747 sine
1559 4679 1713 4768 scriptis,
1737 4678 1827 4747 visis
1850 4681 1972 4750 tameu
2048 4763 2054 4776 Ι

437 4781 616 4868 „primitus
651 4789 688 4855 et
718 4783 810 4856 bene
843 4785 1042 4856 masticatis
1076 4785 1253 4856 dictantur
1288 4785 1448 4877 parcium
1484 4783 1632 4868 iuribus,
1667 4785 1900 4856 munimentis
1937 4791 1973 4855 et

436 4883 564 4965 ,literis
587 4909 629 4962 ac
652 4891 981 4976 iulormacienibus,
1013 4913 1082 4982 que
1106 4898 1142 4964 et
1172 4901 1272 4984 qrras'
1286 4891 1381 4964 dicte
1413 4895 1534 4985 partes
1565 4910 1686 4963 coram
1709 4891 1804 4964 dieto
1829 4891 1973 4965 domno

436 5008 536 5084 „rege
558 4999 700 5070 realiter
723 4998 960 5071 exbibuerunt
983 5005 1019 5071 et
1043 5021 1126 5072 cum
1150 4999 1296 5084 eliceto,
1326 5003 1364 5071 et
1397 4999 1527 5092 quibus
1558 5001 1637 5090 ipse
1659 5003 1781 5091 partes
1806 5003 1858 5071 rtl
1879 5001 1973 5070 vele·

439 5094 541 5178 ,bant
563 5105 601 5177 iu
623 5103 692 5180 hac
716 5125 836 5190 causa,
860 5105 1042 5191 laudandi,
1066 5107 1323 5192 sentenciandl,
1347 5105 1544 5178 arbitrandi
1568 5111 1603 5178 et
1620 5107 1857 5179 amicabiliter·
1880 5127 1973 5179 com·

439 5211 608 5294 „meandi
629 5219 752 5306 partes
777 5212 976 5285 antedictas
1005 5218 1043 5285 et
1071 5214 1222 5288 liniendi
1256 5236 1298 5289 ae
1331 5213 1518 5288 decidendi
1553 5213 1665 5286 semel
1697 5219 1733 5286 et
1762 5215 1897 5308 pluries
1930 5213 1975 5288 de

437 5312 531 5390 aaa
559 5323 594 5391 ct
617 5321 661 5392 de
684 5320 791 5406 iacto,
816 5326 850 5392 el
875 5321 923 5424 de
943 5323 1019 5393 lure
1044 5323 1161 5394 solum
1185 5335 1218 5394 et
1243 5323 1288 5394 da
1312 5325 1407 5395 lacte
1431 5326 1582 5407 tantum,
1614 5325 1651 5392 et
1673 5325 1806 5416 partim
1830 5321 1874 5396 de
1898 5324 1977 5394 iure

1774 5449 1810 5507 1⁸
