<?xml version="1.0" encoding="UTF-8"?>
<!DOCTYPE html PUBLIC "-//W3C//DTD XHTML 1.0 Transitional//EN"
    "http://www.w3.org/TR/xhtml1/DTD/xhtml1-transitional.dtd">
<html xmlns="http://www.w3.org/1999/xhtml" xml:lang="en" lang="en">
 <head>
  <title>
</title>
<meta http-equiv="Content-Type" content="text/html;charset=utf-8" />
  <meta name='ocr-system' content='tesseract 3.04.00' />
  <meta name='ocr-capabilities' content='ocr_page ocr_carea ocr_par ocr_line ocrx_word'/>
</head>
<body>
  <div class='ocr_page' id='page_1' title='image "./codexdiplomatic06zakrgoog_0378.png"; bbox 0 0 4722 6360; ppageno 0'>
   <div class='ocr_carea' id='block_1_1' title="bbox 0 3029 301 5492">
    <p class='ocr_par' dir='ltr' id='par_1_1' title="bbox 0 3029 301 5492">
     <span class='ocr_line' id='line_1_1' title="bbox 1 3029 298 3122; baseline 0.034 -29"><span class='ocrx_word' id='word_1_1' title='bbox 1 3029 137 3110; x_wconf 79' lang='lat' dir='ltr'><strong>uocato,</strong></span> <span class='ocrx_word' id='word_1_2' title='bbox 161 3031 221 3118; x_wconf 90' lang='lat' dir='ltr'><strong>qui</strong></span> <span class='ocrx_word' id='word_1_3' title='bbox 238 3049 298 3122; x_wconf 92' lang='lat' dir='ltr'><strong>pro</strong></span> 
     </span>
     <span class='ocr_line' id='line_1_2' title="bbox 0 3133 301 3210; baseline 0.02 -5"><span class='ocrx_word' id='word_1_4' title='bbox 0 3161 22 3192; x_wconf 49' lang='lat' dir='ltr'><strong>c:</strong></span> <span class='ocrx_word' id='word_1_5' title='bbox 70 3135 110 3205; x_wconf 93' lang='lat' dir='ltr'><strong>in</strong></span> <span class='ocrx_word' id='word_1_6' title='bbox 126 3133 301 3210; x_wconf 88' lang='lat' dir='ltr'><strong>reddenda</strong></span> 
     </span>
     <span class='ocr_line' id='line_1_3' title="bbox 0 3234 299 3336; baseline 0.02 -26"><span class='ocrx_word' id='word_1_7' title='bbox 0 3234 115 3312; x_wconf 72' lang='lat' dir='ltr'><strong>ostro</strong></span> <span class='ocrx_word' id='word_1_8' title='bbox 133 3243 299 3336; x_wconf 90' lang='lat' dir='ltr'><strong>colloquio</strong></span> 
     </span>
     <span class='ocr_line' id='line_1_4' title="bbox 6 3351 297 3434; baseline 0.014 -14"><span class='ocrx_word' id='word_1_9' title='bbox 6 3351 96 3434; x_wconf 63' lang='lat' dir='ltr'><strong>um,</strong></span> <span class='ocrx_word' id='word_1_10' title='bbox 135 3355 297 3424; x_wconf 84' lang='lat' dir='ltr'><strong>euocatus</strong></span> 
     </span>
     <span class='ocr_line' id='line_1_5' title="bbox 6 3453 297 3550; baseline 0.024 -24"><span class='ocrx_word' id='word_1_11' title='bbox 6 3453 297 3550; x_wconf 79' lang='lat' dir='ltr'><strong>biepdebrngensi</strong></span> 
     </span>
     <span class='ocr_line' id='line_1_6' title="bbox 1 3565 298 3640; baseline 0 -2"><span class='ocrx_word' id='word_1_12' title='bbox 1 3565 242 3640; x_wconf 79' lang='lat' dir='ltr'><strong>criminalibus</strong></span> <span class='ocrx_word' id='word_1_13' title='bbox 264 3579 298 3639; x_wconf 88' lang='lat' dir='ltr'><strong>et</strong></span> 
     </span>
     <span class='ocr_line' id='line_1_7' title="bbox 10 3673 297 3748; baseline 0.014 -7"><span class='ocrx_word' id='word_1_14' title='bbox 10 3673 242 3748; x_wconf 85' lang='lat' dir='ltr'><strong>mutssacionis</strong></span> <span class='ocrx_word' id='word_1_15' title='bbox 264 3681 297 3746; x_wconf 88' lang='lat' dir='ltr'><strong>et</strong></span> 
     </span>
     <span class='ocr_line' id='line_1_8' title="bbox 1 3779 296 3875; baseline 0.017 -27"><span class='ocrx_word' id='word_1_16' title='bbox 1 3779 155 3852; x_wconf 87' lang='lat' dir='ltr'><strong>eiusdem</strong></span> <span class='ocrx_word' id='word_1_17' title='bbox 182 3781 296 3875; x_wconf 86' lang='lat' dir='ltr'><strong>oppidi</strong></span> 
     </span>
     <span class='ocr_line' id='line_1_9' title="bbox 0 3887 295 3972; baseline 0.017 -14"><span class='ocrx_word' id='word_1_18' title='bbox 0 3918 11 3944; x_wconf 53' lang='grc' dir='ltr'><strong>ι</strong></span> <span class='ocrx_word' id='word_1_19' title='bbox 25 3906 98 3958; x_wconf 84' lang='lat' dir='ltr'><strong>em</strong></span> <span class='ocrx_word' id='word_1_20' title='bbox 113 3887 295 3972; x_wconf 85' lang='lat' dir='ltr'><strong>iudicandi,</strong></span> 
     </span>
     <span class='ocr_line' id='line_1_10' title="bbox 21 3993 295 4086; baseline 0.004 -22"><span class='ocrx_word' id='word_1_21' title='bbox 21 3993 159 4086; x_wconf 87' lang='lat' dir='ltr'><strong>plenam</strong></span> <span class='ocrx_word' id='word_1_22' title='bbox 173 3997 295 4070; x_wconf 84' lang='lat' dir='ltr'><strong>damus</strong></span> 
     </span>
     <span class='ocr_line' id='line_1_11' title="bbox 1 4102 294 4199; baseline 0.01 -27"><span class='ocrx_word' id='word_1_23' title='bbox 1 4102 168 4176; x_wconf 89' lang='lat' dir='ltr'><strong>routboc</strong></span> <span class='ocrx_word' id='word_1_24' title='bbox 182 4108 294 4199; x_wconf 89' lang='lat' dir='ltr'><strong>ipsum</strong></span> 
     </span>
     <span class='ocr_line' id='line_1_12' title="bbox 9 4209 294 4305; baseline 0.007 -26"><span class='ocrx_word' id='word_1_25' title='bbox 9 4209 168 4284; x_wconf 80' lang='lat' dir='ltr'><strong>clausulis</strong></span> <span class='ocrx_word' id='word_1_26' title='bbox 182 4217 294 4305; x_wconf 81' lang='lat' dir='ltr'><strong>postu</strong></span> 
     </span>
     <span class='ocr_line' id='line_1_13' title="bbox 20 4320 292 4412; baseline 0 -24"><span class='ocrx_word' id='word_1_27' title='bbox 20 4337 152 4412; x_wconf 86' lang='lat' dir='ltr'><strong>semper</strong></span> <span class='ocrx_word' id='word_1_28' title='bbox 178 4320 292 4392; x_wconf 88' lang='lat' dir='ltr'><strong>saluis.</strong></span> 
     </span>
     <span class='ocr_line' id='line_1_14' title="bbox 4 4421 292 4500; baseline 0.003 -6"><span class='ocrx_word' id='word_1_29' title='bbox 4 4421 91 4498; x_wconf 74' lang='lat' dir='ltr'><strong>dem</strong></span> <span class='ocrx_word' id='word_1_30' title='bbox 113 4425 292 4500; x_wconf 80' lang='lat' dir='ltr'><strong>lori-eodo</strong></span> 
     </span>
     <span class='ocr_line' id='line_1_15' title="bbox 0 4535 292 4626; baseline 0.014 -22"><span class='ocrx_word' id='word_1_31' title='bbox 0 4559 1 4592; x_wconf 70' lang='grc' dir='ltr'><strong>ι</strong></span> <span class='ocrx_word' id='word_1_32' title='bbox 29 4535 199 4608; x_wconf 78' lang='lat' dir='ltr'><strong>anuum</strong></span> <span class='ocrx_word' id='word_1_33' title='bbox 219 4550 292 4626; x_wconf 82' lang='lat' dir='ltr'><strong>per·</strong></span> 
     </span>
     <span class='ocr_line' id='line_1_16' title="bbox 2 4641 290 4714; baseline -0.01 -2"><span class='ocrx_word' id='word_1_34' title='bbox 2 4667 25 4699; x_wconf 66' lang='lat' dir='ltr'><strong>c·</strong></span> <span class='ocrx_word' id='word_1_35' title='bbox 57 4641 290 4714; x_wconf 74' lang='lat' dir='ltr'><strong>mercatoribus</strong></span> 
     </span>
     <span class='ocr_line' id='line_1_17' title="bbox 11 4765 290 4834; baseline -0.007 -16"><span class='ocrx_word' id='word_1_36' title='bbox 11 4767 125 4834; x_wconf 88' lang='lat' dir='ltr'><strong>emere,</strong></span> <span class='ocrx_word' id='word_1_37' title='bbox 145 4765 290 4822; x_wconf 89' lang='lat' dir='ltr'><strong>commu·</strong></span> 
     </span>
     <span class='ocr_line' id='line_1_18' title="bbox 27 4860 288 4950; baseline -0.015 -24"><span class='ocrx_word' id='word_1_38' title='bbox 27 4874 201 4950; x_wconf 82' lang='lat' dir='ltr'><strong>appensum</strong></span> <span class='ocrx_word' id='word_1_39' title='bbox 237 4860 288 4926; x_wconf 81' lang='lat' dir='ltr'><strong>est</strong></span> 
     </span>
     <span class='ocr_line' id='line_1_19' title="bbox 17 4961 288 5059; baseline -0.018 -24"><span class='ocrx_word' id='word_1_40' title='bbox 17 4968 110 5037; x_wconf 81' lang='lat' dir='ltr'><strong>onice</strong></span> <span class='ocrx_word' id='word_1_41' title='bbox 138 4969 206 5059; x_wconf 87' lang='lat' dir='ltr'><strong>ipso</strong></span> <span class='ocrx_word' id='word_1_42' title='bbox 233 4961 288 5032; x_wconf 86' lang='lat' dir='ltr'><strong>die</strong></span> 
     </span>
     <span class='ocr_line' id='line_1_20' title="bbox 0 5073 287 5145; baseline -0.017 -3"><span class='ocrx_word' id='word_1_43' title='bbox 0 5073 287 5145; x_wconf 83' lang='lat' dir='ltr'><strong>ntibusreueren·</strong></span> 
     </span>
     <span class='ocr_line' id='line_1_21' title="bbox 0 5177 285 5254; baseline -0.021 -6"><span class='ocrx_word' id='word_1_44' title='bbox 0 5183 120 5252; x_wconf 79' lang='lat' dir='ltr'><strong>mensis</strong></span> <span class='ocrx_word' id='word_1_45' title='bbox 148 5177 285 5254; x_wconf 76' lang='lat' dir='ltr'><strong>ecclesie</strong></span> 
     </span>
     <span class='ocr_line' id='line_1_22' title="bbox 18 5288 283 5360; baseline -0.026 -5"><span class='ocrx_word' id='word_1_46' title='bbox 18 5307 99 5357; x_wconf 74' lang='lat' dir='ltr'><strong>aaron</strong></span> <span class='ocrx_word' id='word_1_47' title='bbox 113 5288 283 5360; x_wconf 75' lang='lat' dir='ltr'><strong>castellium</strong></span> 
     </span>
     <span class='ocr_line' id='line_1_23' title="bbox 1 5391 281 5492; baseline 0 -28"><span class='ocrx_word' id='word_1_48' title='bbox 1 5445 2 5450; x_wconf 64' lang='lat'>,</span> <span class='ocrx_word' id='word_1_49' title='bbox 23 5393 149 5486; x_wconf 76' lang='lat' dir='ltr'><strong>tignum</strong></span> <span class='ocrx_word' id='word_1_50' title='bbox 169 5391 281 5492; x_wconf 71' lang='lat' dir='ltr'><strong>isnei-</strong></span> 
     </span>
    </p>
   </div>
   <div class='ocr_carea' id='block_1_2' title="bbox 1923 457 2193 570">
    <p class='ocr_par' dir='ltr' id='par_1_2' title="bbox 1923 457 2193 570">
     <span class='ocr_line' id='line_1_24' title="bbox 1923 457 2193 570; baseline -0.004 -42"><span class='ocrx_word' id='word_1_51' title='bbox 1923 457 2104 570; x_wconf 32' lang='lat'>&#39;115&#39;</span> <span class='ocrx_word' id='word_1_52' title='bbox 2188 532 2193 542; x_wconf 68' lang='grc'>,</span> 
     </span>
    </p>
   </div>
   <div class='ocr_carea' id='block_1_3' title="bbox 495 621 2032 957">
    <p class='ocr_par' dir='ltr' id='par_1_3' title="bbox 495 621 2032 957">
     <span class='ocr_line' id='line_1_25' title="bbox 497 621 2032 740; baseline -0.001 -15"><span class='ocrx_word' id='word_1_53' title='bbox 497 647 615 728; x_wconf 84' lang='lat' dir='ltr'><strong>aiensi,</strong></span> <span class='ocrx_word' id='word_1_54' title='bbox 639 645 797 718; x_wconf 88' lang='lat' dir='ltr'><strong>lacussio</strong></span> <span class='ocrx_word' id='word_1_55' title='bbox 813 644 858 718; x_wconf 90' lang='lat' dir='ltr'><strong>de</strong></span> <span class='ocrx_word' id='word_1_56' title='bbox 875 650 1088 736; x_wconf 78' lang='lat' dir='ltr'><strong>Koneczpolo</strong></span> <span class='ocrx_word' id='word_1_57' title='bbox 1103 645 1307 738; x_wconf 79' lang='lat' dir='ltr'><strong>Syradiensi</strong></span> <span class='ocrx_word' id='word_1_58' title='bbox 1323 621 1501 740; x_wconf 84' lang='lat' dir='ltr'><strong>palatinis,</strong></span> <span class='ocrx_word' id='word_1_59' title='bbox 1527 651 1699 724; x_wconf 78' lang='lat' dir='ltr'><strong>militibus</strong></span> <span class='ocrx_word' id='word_1_60' title='bbox 1716 651 1847 724; x_wconf 84' lang='lat' dir='ltr'><strong>nostris</strong></span> <span class='ocrx_word' id='word_1_61' title='bbox 1864 649 2032 724; x_wconf 77' lang='lat' dir='ltr'><strong>fidelibus</strong></span> 
     </span>
     <span class='ocr_line' id='line_1_26' title="bbox 498 753 2032 848; baseline 0 -16"><span class='ocrx_word' id='word_1_62' title='bbox 498 755 633 832; x_wconf 84' lang='lat' dir='ltr'><strong>dilectis</strong></span> <span class='ocrx_word' id='word_1_63' title='bbox 670 757 706 826; x_wconf 92' lang='lat' dir='ltr'><strong>et</strong></span> <span class='ocrx_word' id='word_1_64' title='bbox 741 753 823 845; x_wconf 82' lang='lat' dir='ltr'><strong>alij&#39;s</strong></span> <span class='ocrx_word' id='word_1_65' title='bbox 858 775 968 846; x_wconf 83' lang='lat' dir='ltr'><strong>quam</strong></span> <span class='ocrx_word' id='word_1_66' title='bbox 1003 756 1165 848; x_wconf 85' lang='lat' dir='ltr'><strong>plurimis</strong></span> <span class='ocrx_word' id='word_1_67' title='bbox 1198 755 1401 845; x_wconf 87' lang='lat' dir='ltr'><strong>iidedignls.</strong></span> <span class='ocrx_word' id='word_1_68' title='bbox 1428 755 1469 808; x_wconf 82' lang='grc'><strong>-’-</strong></span> <span class='ocrx_word' id='word_1_69' title='bbox 1494 757 1551 830; x_wconf 82' lang='lat' dir='ltr'><strong>Ad</strong></span> <span class='ocrx_word' id='word_1_70' title='bbox 1575 759 1793 832; x_wconf 73' lang='lat' dir='ltr'><strong>relacionem</strong></span> <span class='ocrx_word' id='word_1_71' title='bbox 1818 757 2032 832; x_wconf 80' lang='lat' dir='ltr'><strong>venerabilis</strong></span> 
     </span>
     <span class='ocr_line' id='line_1_27' title="bbox 495 861 1393 957; baseline -0.007 -17"><span class='ocrx_word' id='word_1_72' title='bbox 495 861 681 950; x_wconf 90' lang='lat' dir='ltr'><strong>dominl(s)</strong></span> <span class='ocrx_word' id='word_1_73' title='bbox 703 864 805 952; x_wconf 80' lang='lat' dir='ltr'><strong>regni</strong></span> <span class='ocrx_word' id='word_1_74' title='bbox 828 861 972 956; x_wconf 88' lang='lat' dir='ltr'><strong>Polonie</strong></span> <span class='ocrx_word' id='word_1_75' title='bbox 994 864 1275 957; x_wconf 86' lang='lat' dir='ltr'><strong>vicecancellarij</strong></span> <span class='ocrx_word' id='word_1_76' title='bbox 1302 869 1393 936; x_wconf 83' lang='lat' dir='ltr'><strong>etc·</strong></span> 
     </span>
    </p>
   </div>
   <div class='ocr_carea' id='block_1_4' title="bbox 652 1056 1502 1136">
    <p class='ocr_par' dir='ltr' id='par_1_4' title="bbox 652 1056 1502 1136">
     <span class='ocr_line' id='line_1_28' title="bbox 652 1056 1502 1136; baseline 0.006 -21"><span class='ocrx_word' id='word_1_77' title='bbox 652 1056 880 1132; x_wconf 72' lang='lat' dir='ltr'><strong>Zkolorisiiego</strong></span> <span class='ocrx_word' id='word_1_78' title='bbox 898 1058 1029 1136; x_wconf 76' lang='lat' dir='ltr'><strong>kopinraa</strong></span> <span class='ocrx_word' id='word_1_79' title='bbox 1047 1057 1199 1134; x_wconf 76' lang='lat' dir='ltr'><strong>praywilaii</strong></span> <span class='ocrx_word' id='word_1_80' title='bbox 1220 1057 1358 1130; x_wconf 66' lang='lat' dir='ltr'><strong>tadzlricb</strong></span> <span class='ocrx_word' id='word_1_81' title='bbox 1376 1058 1459 1118; x_wconf 69' lang='lat' dir='ltr'><strong>karta</strong></span> <span class='ocrx_word' id='word_1_82' title='bbox 1475 1063 1502 1120; x_wconf 76' lang='lat' dir='ltr'><strong>a.</strong></span> 
     </span>
    </p>
   </div>
   <div class='ocr_carea' id='block_1_5' title="bbox 654 1235 1524 1315">
    <p class='ocr_par' dir='ltr' id='par_1_5' title="bbox 654 1235 1524 1315">
     <span class='ocr_line' id='line_1_29' title="bbox 654 1235 1524 1315; baseline 0.005 -21"><span class='ocrx_word' id='word_1_83' title='bbox 654 1235 675 1310; x_wconf 83' lang='lat'><strong>¹)</strong></span> <span class='ocrx_word' id='word_1_84' title='bbox 693 1236 825 1310; x_wconf 66' lang='lat' dir='ltr'><strong>bema</strong></span> <span class='ocrx_word' id='word_1_85' title='bbox 842 1235 945 1296; x_wconf 78' lang='lat' dir='ltr'><strong>minate</strong></span> <span class='ocrx_word' id='word_1_86' title='bbox 963 1255 988 1296; x_wconf 94' lang='grc' dir='ltr'><strong>ιι</strong></span> <span class='ocrx_word' id='word_1_87' title='bbox 1006 1237 1068 1310; x_wconf 79' lang='lat' dir='ltr'><strong>oroi.</strong></span> <span class='ocrx_word' id='word_1_88' title='bbox 1086 1236 1245 1306; x_wconf 74' lang='lat' dir='ltr'><strong>biblion.</strong></span> <span class='ocrx_word' id='word_1_89' title='bbox 1264 1255 1334 1315; x_wconf 79' lang='lat' dir='ltr'><strong>pen.</strong></span> <span class='ocrx_word' id='word_1_90' title='bbox 1353 1238 1524 1299; x_wconf 80' lang='lat' dir='ltr'><strong>ionicisiirn.</strong></span> 
     </span>
    </p>
   </div>
   <div class='ocr_carea' id='block_1_6' title="bbox 497 1610 1228 1738">
    <p class='ocr_par' dir='ltr' id='par_1_6' title="bbox 497 1610 1228 1738">
     <span class='ocr_line' id='line_1_30' title="bbox 497 1610 1228 1738; baseline -0.011 -6"><span class='ocrx_word' id='word_1_91' title='bbox 497 1661 569 1732; x_wconf 87' lang='grc'><strong>118.</strong></span> <span class='ocrx_word' id='word_1_92' title='bbox 619 1610 719 1728; x_wconf 77' lang='grc' dir='ltr'><strong>1408.Ι</strong></span> <span class='ocrx_word' id='word_1_93' title='bbox 741 1655 819 1725; x_wconf 91' lang='lat' dir='ltr'><strong>sine</strong></span> <span class='ocrx_word' id='word_1_94' title='bbox 843 1651 911 1738; x_wconf 86' lang='lat' dir='ltr'><strong>die,</strong></span> <span class='ocrx_word' id='word_1_95' title='bbox 936 1672 1060 1725; x_wconf 89' lang='lat' dir='ltr'><strong>mense</strong></span> <span class='ocrx_word' id='word_1_96' title='bbox 1082 1657 1119 1724; x_wconf 86' lang='lat' dir='ltr'><strong>et</strong></span> <span class='ocrx_word' id='word_1_97' title='bbox 1141 1654 1228 1725; x_wconf 91' lang='lat' dir='ltr'><strong>loco.</strong></span> 
     </span>
    </p>
   </div>
   <div class='ocr_carea' id='block_1_7' title="bbox 496 1847 2032 2035">
    <p class='ocr_par' dir='ltr' id='par_1_7' title="bbox 496 1847 2032 2035">
     <span class='ocr_line' id='line_1_31' title="bbox 653 1847 2032 1944; baseline 0.005 -20"><span class='ocrx_word' id='word_1_98' title='bbox 653 1847 823 1924; x_wconf 85' lang='lat' dir='ltr'><strong>Nicotaus</strong></span> <span class='ocrx_word' id='word_1_99' title='bbox 863 1850 1153 1944; x_wconf 79' lang='lat' dir='ltr'><strong>archiepiscopus</strong></span> <span class='ocrx_word' id='word_1_100' title='bbox 1186 1851 1405 1926; x_wconf 84' lang='lat' dir='ltr'><strong>Gnesnensis</strong></span> <span class='ocrx_word' id='word_1_101' title='bbox 1445 1852 1587 1926; x_wconf 86' lang='lat' dir='ltr'><strong>cuidam</strong></span> <span class='ocrx_word' id='word_1_102' title='bbox 1628 1853 1806 1928; x_wconf 88' lang='lat' dir='ltr'><strong>Stonislao</strong></span> <span class='ocrx_word' id='word_1_103' title='bbox 1842 1855 2032 1931; x_wconf 87' lang='lat' dir='ltr'><strong>Bienconis</strong></span> 
     </span>
     <span class='ocr_line' id='line_1_32' title="bbox 496 1957 1228 2035; baseline -0.007 0"><span class='ocrx_word' id='word_1_104' title='bbox 496 1959 697 2035; x_wconf 70' lang='lat' dir='ltr'><strong>nuntiam</strong></span> <span class='ocrx_word' id='word_1_105' title='bbox 719 1961 757 2031; x_wconf 87' lang='lat' dir='ltr'><strong>la</strong></span> <span class='ocrx_word' id='word_1_106' title='bbox 779 1958 867 2030; x_wconf 84' lang='lat' dir='ltr'><strong>villa</strong></span> <span class='ocrx_word' id='word_1_107' title='bbox 886 1959 1073 2032; x_wconf 78' lang='lat' dir='ltr'><strong>Sacrana</strong></span> <span class='ocrx_word' id='word_1_108' title='bbox 1094 1957 1228 2031; x_wconf 87' lang='lat' dir='ltr'><strong>vendit.</strong></span> 
     </span>
    </p>
   </div>
   <div class='ocr_carea' id='block_1_8' title="bbox 494 2145 2035 2988">
    <p class='ocr_par' dir='ltr' id='par_1_8' title="bbox 494 2145 2035 2988">
     <span class='ocr_line' id='line_1_33' title="bbox 652 2145 2034 2249; baseline 0.004 -20"><span class='ocrx_word' id='word_1_109' title='bbox 652 2155 694 2229; x_wconf 92' lang='lat' dir='ltr'><strong>In</strong></span> <span class='ocrx_word' id='word_1_110' title='bbox 730 2157 876 2230; x_wconf 88' lang='lat' dir='ltr'><strong>nomine</strong></span> <span class='ocrx_word' id='word_1_111' title='bbox 912 2155 1056 2230; x_wconf 90' lang='lat' dir='ltr'><strong>Domini</strong></span> <span class='ocrx_word' id='word_1_112' title='bbox 1092 2145 1208 2230; x_wconf 61' lang='lat' dir='ltr'><strong>ameuss</strong></span> <span class='ocrx_word' id='word_1_113' title='bbox 1262 2155 1430 2229; x_wconf 88' lang='lat' dir='ltr'><strong>Nicoleus</strong></span> <span class='ocrx_word' id='word_1_114' title='bbox 1467 2157 1534 2230; x_wconf 91' lang='lat' dir='ltr'><strong>Dei</strong></span> <span class='ocrx_word' id='word_1_115' title='bbox 1568 2162 1690 2249; x_wconf 80' lang='lat' dir='ltr'><strong>gracia</strong></span> <span class='ocrx_word' id='word_1_116' title='bbox 1725 2163 1848 2232; x_wconf 88' lang='lat' dir='ltr'><strong>sancte</strong></span> <span class='ocrx_word' id='word_1_117' title='bbox 1883 2161 2034 2235; x_wconf 86' lang='lat' dir='ltr'><strong>ecclesie</strong></span> 
     </span>
     <span class='ocr_line' id='line_1_34' title="bbox 496 2263 2033 2357; baseline 0.001 -16"><span class='ocrx_word' id='word_1_118' title='bbox 496 2266 711 2342; x_wconf 82' lang='lat' dir='ltr'><strong>Gnesnensls</strong></span> <span class='ocrx_word' id='word_1_119' title='bbox 736 2263 1035 2356; x_wconf 67' lang='lat' dir='ltr'><strong>archiepiscopus</strong></span> <span class='ocrx_word' id='word_1_120' title='bbox 1061 2267 1207 2336; x_wconf 85' lang='lat' dir='ltr'><strong>attentis</strong></span> <span class='ocrx_word' id='word_1_121' title='bbox 1231 2263 1472 2357; x_wconf 84' lang='lat' dir='ltr'><strong>multiplicum</strong></span> <span class='ocrx_word' id='word_1_122' title='bbox 1490 2269 1723 2338; x_wconf 85' lang='lat' dir='ltr'><strong>seruieiorunr</strong></span> <span class='ocrx_word' id='word_1_123' title='bbox 1739 2266 1911 2340; x_wconf 88' lang='lat' dir='ltr'><strong>studiosis</strong></span> <span class='ocrx_word' id='word_1_124' title='bbox 1934 2267 2033 2343; x_wconf 89' lang='lat' dir='ltr'><strong>obse·</strong></span> 
     </span>
     <span class='ocr_line' id='line_1_35' title="bbox 496 2371 2034 2468; baseline 0.003 -22"><span class='ocrx_word' id='word_1_125' title='bbox 496 2375 588 2468; x_wconf 85' lang='lat' dir='ltr'><strong>quijs</strong></span> <span class='ocrx_word' id='word_1_126' title='bbox 612 2371 781 2446; x_wconf 90' lang='lat' dir='ltr'><strong>Stanislai</strong></span> <span class='ocrx_word' id='word_1_127' title='bbox 804 2371 1010 2456; x_wconf 86' lang='lat' dir='ltr'><strong>Bienkonis‚</strong></span> <span class='ocrx_word' id='word_1_128' title='bbox 1035 2371 1081 2444; x_wconf 88' lang='lat' dir='ltr'><strong>ad</strong></span> <span class='ocrx_word' id='word_1_129' title='bbox 1105 2393 1157 2458; x_wconf 86' lang='lat' dir='ltr'><strong>ea,</strong></span> <span class='ocrx_word' id='word_1_130' title='bbox 1182 2391 1252 2464; x_wconf 89' lang='lat' dir='ltr'><strong>que</strong></span> <span class='ocrx_word' id='word_1_131' title='bbox 1275 2373 1487 2446; x_wconf 84' lang='lat' dir='ltr'><strong>exaltacioni</strong></span> <span class='ocrx_word' id='word_1_132' title='bbox 1509 2377 1567 2446; x_wconf 91' lang='lat' dir='ltr'><strong>sui</strong></span> <span class='ocrx_word' id='word_1_133' title='bbox 1590 2379 1707 2446; x_wconf 79' lang='lat' dir='ltr'><strong>statuis</strong></span> <span class='ocrx_word' id='word_1_134' title='bbox 1731 2377 1937 2468; x_wconf 89' lang='lat' dir='ltr'><strong>respiciunt,</strong></span> <span class='ocrx_word' id='word_1_135' title='bbox 1961 2397 2034 2452; x_wconf 90' lang='lat' dir='ltr'><strong>non</strong></span> 
     </span>
     <span class='ocr_line' id='line_1_36' title="bbox 496 2480 2034 2574; baseline 0.003 -18"><span class='ocrx_word' id='word_1_136' title='bbox 496 2483 670 2556; x_wconf 86' lang='lat' dir='ltr'><strong>immerito</strong></span> <span class='ocrx_word' id='word_1_137' title='bbox 700 2481 927 2552; x_wconf 89' lang='lat' dir='ltr'><strong>inclinamus.</strong></span> <span class='ocrx_word' id='word_1_138' title='bbox 974 2480 1109 2552; x_wconf 88' lang='lat' dir='ltr'><strong>Horum</strong></span> <span class='ocrx_word' id='word_1_139' title='bbox 1140 2482 1251 2571; x_wconf 83' lang='lat' dir='ltr'><strong>igitur</strong></span> <span class='ocrx_word' id='word_1_140' title='bbox 1282 2483 1414 2552; x_wconf 85' lang='lat' dir='ltr'><strong>intuitu</strong></span> <span class='ocrx_word' id='word_1_141' title='bbox 1446 2481 1584 2574; x_wconf 85' lang='lat' dir='ltr'><strong>prelato</strong></span> <span class='ocrx_word' id='word_1_142' title='bbox 1616 2481 1794 2555; x_wconf 88' lang='lat' dir='ltr'><strong>Stanislao</strong></span> <span class='ocrx_word' id='word_1_143' title='bbox 1824 2483 2034 2562; x_wconf 85' lang='lat' dir='ltr'><strong>sculteciam</strong></span> 
     </span>
     <span class='ocr_line' id='line_1_37' title="bbox 496 2587 2033 2675; baseline 0.002 -12"><span class='ocrx_word' id='word_1_144' title='bbox 496 2595 532 2663; x_wconf 92' lang='lat' dir='ltr'><strong>in</strong></span> <span class='ocrx_word' id='word_1_145' title='bbox 554 2587 639 2661; x_wconf 82' lang='lat' dir='ltr'><strong>villa</strong></span> <span class='ocrx_word' id='word_1_146' title='bbox 660 2591 784 2660; x_wconf 87' lang='lat' dir='ltr'><strong>nostra</strong></span> <span class='ocrx_word' id='word_1_147' title='bbox 805 2588 1030 2675; x_wconf 67' lang='lat' dir='ltr'><strong>swerman</strong></span> <span class='ocrx_word' id='word_1_148' title='bbox 1054 2591 1092 2660; x_wconf 90' lang='lat' dir='ltr'><strong>in</strong></span> <span class='ocrx_word' id='word_1_149' title='bbox 1115 2593 1210 2659; x_wconf 82' lang='lat' dir='ltr'><strong>terra</strong></span> <span class='ocrx_word' id='word_1_150' title='bbox 1232 2587 1465 2674; x_wconf 86' lang='lat' dir='ltr'><strong>Laneieiensl,</strong></span> <span class='ocrx_word' id='word_1_151' title='bbox 1497 2588 1541 2662; x_wconf 89' lang='lat' dir='ltr'><strong>de</strong></span> <span class='ocrx_word' id='word_1_152' title='bbox 1574 2610 1753 2662; x_wconf 90' lang='lat' dir='ltr'><strong>consensu</strong></span> <span class='ocrx_word' id='word_1_153' title='bbox 1774 2589 2033 2666; x_wconf 89' lang='lat' dir='ltr'><strong>venerabilium</strong></span> 
     </span>
     <span class='ocr_line' id='line_1_38' title="bbox 494 2693 2034 2795; baseline 0.002 -25"><span class='ocrx_word' id='word_1_154' title='bbox 494 2697 644 2770; x_wconf 78' lang='lat' dir='ltr'><strong>fratrum</strong></span> <span class='ocrx_word' id='word_1_155' title='bbox 669 2695 816 2789; x_wconf 89' lang='lat' dir='ltr'><strong>capituli</strong></span> <span class='ocrx_word' id='word_1_156' title='bbox 848 2694 1066 2795; x_wconf 80' lang='lat' dir='ltr'><strong>Gneanensis</strong></span> <span class='ocrx_word' id='word_1_157' title='bbox 1100 2693 1325 2782; x_wconf 87' lang='lat' dir='ltr'><strong>donauimus,</strong></span> <span class='ocrx_word' id='word_1_158' title='bbox 1363 2701 1508 2789; x_wconf 88' lang='lat' dir='ltr'><strong>recepta</strong></span> <span class='ocrx_word' id='word_1_159' title='bbox 1540 2697 1585 2770; x_wconf 88' lang='lat' dir='ltr'><strong>ab</strong></span> <span class='ocrx_word' id='word_1_160' title='bbox 1618 2697 1744 2770; x_wconf 88' lang='lat' dir='ltr'><strong>eodem</strong></span> <span class='ocrx_word' id='word_1_161' title='bbox 1768 2697 1945 2771; x_wconf 85' lang='lat' dir='ltr'><strong>Stanislao</strong></span> <span class='ocrx_word' id='word_1_162' title='bbox 1969 2721 2034 2793; x_wconf 90' lang='lat' dir='ltr'><strong>pro</strong></span> 
     </span>
     <span class='ocr_line' id='line_1_39' title="bbox 495 2803 2035 2897; baseline 0.002 -19"><span class='ocrx_word' id='word_1_163' title='bbox 495 2806 706 2878; x_wconf 81' lang='lat' dir='ltr'><strong>necessitato</strong></span> <span class='ocrx_word' id='word_1_164' title='bbox 729 2803 879 2877; x_wconf 87' lang='lat' dir='ltr'><strong>ecclesie</strong></span> <span class='ocrx_word' id='word_1_165' title='bbox 902 2803 1122 2877; x_wconf 68' lang='lat' dir='ltr'><strong>(tunnensis</strong></span> <span class='ocrx_word' id='word_1_166' title='bbox 1146 2803 1293 2876; x_wconf 90' lang='lat' dir='ltr'><strong>notabili</strong></span> <span class='ocrx_word' id='word_1_167' title='bbox 1308 2807 1345 2876; x_wconf 91' lang='lat' dir='ltr'><strong>et</strong></span> <span class='ocrx_word' id='word_1_168' title='bbox 1360 2809 1457 2875; x_wconf 89' lang='lat' dir='ltr'><strong>certa</strong></span> <span class='ocrx_word' id='word_1_169' title='bbox 1478 2807 1629 2897; x_wconf 85' lang='lat' dir='ltr'><strong>pecunie</strong></span> <span class='ocrx_word' id='word_1_170' title='bbox 1645 2809 1854 2896; x_wconf 88' lang='lat' dir='ltr'><strong>quantitate.</strong></span> <span class='ocrx_word' id='word_1_171' title='bbox 1878 2807 2035 2881; x_wconf 85' lang='lat' dir='ltr'><strong>Racione</strong></span> 
     </span>
     <span class='ocr_line' id='line_1_40' title="bbox 496 2907 2034 2988; baseline 0.003 -4"><span class='ocrx_word' id='word_1_172' title='bbox 496 2913 594 2984; x_wconf 88' lang='lat' dir='ltr'><strong>cuius</strong></span> <span class='ocrx_word' id='word_1_173' title='bbox 617 2907 788 2986; x_wconf 78' lang='lat' dir='ltr'><strong>scultecle</strong></span> <span class='ocrx_word' id='word_1_174' title='bbox 811 2911 930 2984; x_wconf 89' lang='lat' dir='ltr'><strong>eidem</strong></span> <span class='ocrx_word' id='word_1_175' title='bbox 960 2911 1138 2986; x_wconf 88' lang='lat' dir='ltr'><strong>Stanislao</strong></span> <span class='ocrx_word' id='word_1_176' title='bbox 1170 2909 1259 2982; x_wconf 93' lang='lat' dir='ltr'><strong>duos</strong></span> <span class='ocrx_word' id='word_1_177' title='bbox 1290 2931 1435 2984; x_wconf 88' lang='lat' dir='ltr'><strong>mansos</strong></span> <span class='ocrx_word' id='word_1_178' title='bbox 1457 2911 1588 2984; x_wconf 80' lang='lat' dir='ltr'><strong>llberos</strong></span> <span class='ocrx_word' id='word_1_179' title='bbox 1618 2915 1656 2985; x_wconf 91' lang='lat' dir='ltr'><strong>in</strong></span> <span class='ocrx_word' id='word_1_180' title='bbox 1686 2912 1813 2986; x_wconf 87' lang='lat' dir='ltr'><strong>eadem</strong></span> <span class='ocrx_word' id='word_1_181' title='bbox 1840 2915 1927 2986; x_wconf 86' lang='lat' dir='ltr'><strong>villa</strong></span> <span class='ocrx_word' id='word_1_182' title='bbox 1949 2935 2034 2988; x_wconf 83' lang='lat' dir='ltr'><strong>cunr</strong></span> 
     </span>
    </p>
   </div>
   <div class='ocr_carea' id='block_1_9' title="bbox 501 3017 2187 3114">
    <p class='ocr_par' dir='ltr' id='par_1_9' title="bbox 501 3017 2187 3114">
     <span class='ocr_line' id='line_1_41' title="bbox 501 3017 2187 3114; baseline 0.004 -23"><span class='ocrx_word' id='word_1_183' title='bbox 501 3022 611 3113; x_wconf 86' lang='lat' dir='ltr'><strong>pratis</strong></span> <span class='ocrx_word' id='word_1_184' title='bbox 635 3017 682 3092; x_wconf 86' lang='lat' dir='ltr'><strong>ad</strong></span> <span class='ocrx_word' id='word_1_185' title='bbox 705 3019 850 3092; x_wconf 80' lang='lat' dir='ltr'><strong>eosdem</strong></span> <span class='ocrx_word' id='word_1_186' title='bbox 873 3019 1120 3113; x_wconf 84' lang='lat' dir='ltr'><strong>spectantibus</strong></span> <span class='ocrx_word' id='word_1_187' title='bbox 1141 3025 1181 3090; x_wconf 84' lang='lat' dir='ltr'><strong>st</strong></span> <span class='ocrx_word' id='word_1_188' title='bbox 1204 3019 1284 3112; x_wconf 79' lang='lat' dir='ltr'><strong>alijs</strong></span> <span class='ocrx_word' id='word_1_189' title='bbox 1307 3021 1420 3111; x_wconf 87' lang='lat' dir='ltr'><strong>pratis</strong></span> <span class='ocrx_word' id='word_1_190' title='bbox 1452 3018 1584 3093; x_wconf 80' lang='lat' dir='ltr'><strong>ibidem</strong></span> <span class='ocrx_word' id='word_1_191' title='bbox 1607 3039 1672 3114; x_wconf 91' lang='lat' dir='ltr'><strong>pro</strong></span> <span class='ocrx_word' id='word_1_192' title='bbox 1696 3023 1796 3092; x_wconf 89' lang='lat' dir='ltr'><strong>curia</strong></span> <span class='ocrx_word' id='word_1_193' title='bbox 1824 3026 1947 3095; x_wconf 87' lang='lat' dir='ltr'><strong>nostra</strong></span> <span class='ocrx_word' id='word_1_194' title='bbox 1970 3023 2033 3096; x_wconf 91' lang='lat' dir='ltr'><strong>lal·</strong></span> <span class='ocrx_word' id='word_1_195' title='bbox 2185 3047 2187 3050; x_wconf 90' lang='lat'>·</span> 
     </span>
    </p>
   </div>
   <div class='ocr_carea' id='block_1_10' title="bbox 496 3125 2112 3867">
    <p class='ocr_par' dir='ltr' id='par_1_10' title="bbox 496 3125 2112 3867">
     <span class='ocr_line' id='line_1_42' title="bbox 496 3125 2034 3216; baseline 0.003 -16"><span class='ocrx_word' id='word_1_196' title='bbox 496 3127 566 3200; x_wconf 89' lang='lat' dir='ltr'><strong>cari</strong></span> <span class='ocrx_word' id='word_1_197' title='bbox 589 3131 780 3212; x_wconf 85' lang='lat' dir='ltr'><strong>consuetis,</strong></span> <span class='ocrx_word' id='word_1_198' title='bbox 810 3147 950 3200; x_wconf 86' lang='lat' dir='ltr'><strong>necnon</strong></span> <span class='ocrx_word' id='word_1_199' title='bbox 973 3125 1217 3200; x_wconf 89' lang='lat' dir='ltr'><strong>molendinum</strong></span> <span class='ocrx_word' id='word_1_200' title='bbox 1240 3129 1277 3200; x_wconf 90' lang='lat' dir='ltr'><strong>ln</strong></span> <span class='ocrx_word' id='word_1_201' title='bbox 1301 3127 1415 3199; x_wconf 82' lang='lat' dir='ltr'><strong>fluuio</strong></span> <span class='ocrx_word' id='word_1_202' title='bbox 1445 3129 1524 3216; x_wconf 76' lang='lat' dir='ltr'><strong>Npr</strong></span> <span class='ocrx_word' id='word_1_203' title='bbox 1555 3131 1677 3212; x_wconf 83' lang='lat' dir='ltr'><strong>situm,</strong></span> <span class='ocrx_word' id='word_1_204' title='bbox 1707 3147 1816 3200; x_wconf 87' lang='lat' dir='ltr'><strong>vnam</strong></span> <span class='ocrx_word' id='word_1_205' title='bbox 1846 3129 2034 3204; x_wconf 87' lang='lat' dir='ltr'><strong>tabernam</strong></span> 
     </span>
     <span class='ocr_line' id='line_1_43' title="bbox 496 3233 2033 3334; baseline 0.002 -26"><span class='ocrx_word' id='word_1_206' title='bbox 496 3239 663 3308; x_wconf 78' lang='lat' dir='ltr'><strong>comum</strong></span> <span class='ocrx_word' id='word_1_207' title='bbox 685 3233 839 3334; x_wconf 24' lang='lat' dir='ltr'><strong>bortum·</strong></span> <span class='ocrx_word' id='word_1_208' title='bbox 861 3237 900 3308; x_wconf 90' lang='lat' dir='ltr'><strong>iu</strong></span> <span class='ocrx_word' id='word_1_209' title='bbox 929 3233 1015 3308; x_wconf 85' lang='lat' dir='ltr'><strong>villa</strong></span> <span class='ocrx_word' id='word_1_210' title='bbox 1045 3234 1251 3328; x_wconf 90' lang='lat' dir='ltr'><strong>supradicta</strong></span> <span class='ocrx_word' id='word_1_211' title='bbox 1281 3255 1324 3306; x_wconf 87' lang='lat' dir='ltr'><strong>ae</strong></span> <span class='ocrx_word' id='word_1_212' title='bbox 1354 3238 1505 3308; x_wconf 89' lang='lat' dir='ltr'><strong>tercium</strong></span> <span class='ocrx_word' id='word_1_213' title='bbox 1534 3235 1722 3308; x_wconf 85' lang='lat' dir='ltr'><strong>denarium</strong></span> <span class='ocrx_word' id='word_1_214' title='bbox 1751 3239 2033 3312; x_wconf 88' lang='lat' dir='ltr'><strong>iuramentorum</strong></span> 
     </span>
     <span class='ocr_line' id='line_1_44' title="bbox 498 3335 2112 3438; baseline 0.002 -23"><span class='ocrx_word' id='word_1_215' title='bbox 498 3349 532 3415; x_wconf 86' lang='lat' dir='ltr'><strong>et</strong></span> <span class='ocrx_word' id='word_1_216' title='bbox 554 3363 728 3438; x_wconf 86' lang='lat' dir='ltr'><strong>penarum</strong></span> <span class='ocrx_word' id='word_1_217' title='bbox 751 3343 943 3417; x_wconf 82' lang='lat' dir='ltr'><strong>cuirrslibet</strong></span> <span class='ocrx_word' id='word_1_218' title='bbox 964 3346 1017 3415; x_wconf 90' lang='lat' dir='ltr'><strong>rei</strong></span> <span class='ocrx_word' id='word_1_219' title='bbox 1040 3343 1196 3415; x_wconf 88' lang='lat' dir='ltr'><strong>iudicate</strong></span> <span class='ocrx_word' id='word_1_220' title='bbox 1217 3363 1283 3434; x_wconf 86' lang='lat' dir='ltr'><strong>per·</strong></span> <span class='ocrx_word' id='word_1_221' title='bbox 1304 3347 1425 3434; x_wconf 90' lang='lat' dir='ltr'><strong>ipsum</strong></span> <span class='ocrx_word' id='word_1_222' title='bbox 1448 3341 1667 3416; x_wconf 87' lang='lat' dir='ltr'><strong>Stanislaum</strong></span> <span class='ocrx_word' id='word_1_223' title='bbox 1692 3364 1734 3416; x_wconf 90' lang='lat' dir='ltr'><strong>ae</strong></span> <span class='ocrx_word' id='word_1_224' title='bbox 1755 3335 1871 3438; x_wconf 87' lang='lat' dir='ltr'><strong>ipsius</strong></span> <span class='ocrx_word' id='word_1_225' title='bbox 1894 3366 2034 3418; x_wconf 87' lang='lat' dir='ltr'><strong>succes·</strong></span> <span class='ocrx_word' id='word_1_226' title='bbox 2109 3391 2112 3397; x_wconf 90' lang='lat'>·</span> 
     </span>
     <span class='ocr_line' id='line_1_45' title="bbox 496 3449 2033 3552; baseline 0.003 -29"><span class='ocrx_word' id='word_1_227' title='bbox 496 3469 591 3524; x_wconf 86' lang='lat' dir='ltr'><strong>sores</strong></span> <span class='ocrx_word' id='word_1_228' title='bbox 614 3449 780 3535; x_wconf 83' lang='lat' dir='ltr'><strong>tenenda,</strong></span> <span class='ocrx_word' id='word_1_229' title='bbox 816 3450 982 3524; x_wconf 90' lang='lat' dir='ltr'><strong>habenda</strong></span> <span class='ocrx_word' id='word_1_230' title='bbox 1005 3456 1040 3524; x_wconf 90' lang='lat' dir='ltr'><strong>et</strong></span> <span class='ocrx_word' id='word_1_231' title='bbox 1069 3449 1267 3552; x_wconf 84' lang='lat' dir='ltr'><strong>incolenda,</strong></span> <span class='ocrx_word' id='word_1_232' title='bbox 1302 3449 1492 3524; x_wconf 86' lang='lat' dir='ltr'><strong>vendende</strong></span> <span class='ocrx_word' id='word_1_233' title='bbox 1525 3449 1570 3524; x_wconf 89' lang='lat' dir='ltr'><strong>de</strong></span> <span class='ocrx_word' id='word_1_234' title='bbox 1603 3456 1727 3524; x_wconf 86' lang='lat' dir='ltr'><strong>nostro</strong></span> <span class='ocrx_word' id='word_1_235' title='bbox 1761 3457 1797 3523; x_wconf 91' lang='lat' dir='ltr'><strong>et</strong></span> <span class='ocrx_word' id='word_1_236' title='bbox 1830 3459 2033 3528; x_wconf 87' lang='lat' dir='ltr'><strong>nostrorum</strong></span> 
     </span>
     <span class='ocr_line' id='line_1_46' title="bbox 498 3557 2035 3653; baseline 0.003 -23"><span class='ocrx_word' id='word_1_237' title='bbox 498 3579 743 3632; x_wconf 87' lang='lat' dir='ltr'><strong>successorum</strong></span> <span class='ocrx_word' id='word_1_238' title='bbox 766 3579 955 3645; x_wconf 81' lang='lat' dir='ltr'><strong>corrsensu.</strong></span> <span class='ocrx_word' id='word_1_239' title='bbox 968 3559 1126 3653; x_wconf 82' lang='lat' dir='ltr'><strong>speciali,</strong></span> <span class='ocrx_word' id='word_1_240' title='bbox 1156 3557 1224 3632; x_wconf 91' lang='lat' dir='ltr'><strong>boc</strong></span> <span class='ocrx_word' id='word_1_241' title='bbox 1248 3557 1398 3644; x_wconf 85' lang='lat' dir='ltr'><strong>adiecto,</strong></span> <span class='ocrx_word' id='word_1_242' title='bbox 1431 3557 1526 3649; x_wconf 84' lang='lat' dir='ltr'><strong>quod</strong></span> <span class='ocrx_word' id='word_1_243' title='bbox 1555 3557 1651 3631; x_wconf 90' lang='lat' dir='ltr'><strong>idem</strong></span> <span class='ocrx_word' id='word_1_244' title='bbox 1685 3560 1885 3632; x_wconf 77' lang='lat' dir='ltr'><strong>stanislaus</strong></span> <span class='ocrx_word' id='word_1_245' title='bbox 1909 3565 1946 3634; x_wconf 91' lang='lat' dir='ltr'><strong>et</strong></span> <span class='ocrx_word' id='word_1_246' title='bbox 1968 3583 2035 3635; x_wconf 91' lang='lat' dir='ltr'><strong>sua</strong></span> 
     </span>
     <span class='ocr_line' id='line_1_47' title="bbox 496 3666 2033 3760; baseline 0.003 -22"><span class='ocrx_word' id='word_1_247' title='bbox 496 3669 683 3759; x_wconf 84' lang='lat' dir='ltr'><strong>posteritas</strong></span> <span class='ocrx_word' id='word_1_248' title='bbox 705 3667 844 3740; x_wconf 80' lang='lat' dir='ltr'><strong>litteras</strong></span> <span class='ocrx_word' id='word_1_249' title='bbox 866 3673 1008 3740; x_wconf 88' lang='lat' dir='ltr'><strong>nostras</strong></span> <span class='ocrx_word' id='word_1_250' title='bbox 1032 3673 1068 3738; x_wconf 90' lang='lat' dir='ltr'><strong>et</strong></span> <span class='ocrx_word' id='word_1_251' title='bbox 1091 3687 1341 3739; x_wconf 87' lang='lat' dir='ltr'><strong>successorum</strong></span> <span class='ocrx_word' id='word_1_252' title='bbox 1362 3671 1565 3738; x_wconf 86' lang='lat' dir='ltr'><strong>nostrorum</strong></span> <span class='ocrx_word' id='word_1_253' title='bbox 1589 3666 1636 3738; x_wconf 87' lang='lat' dir='ltr'><strong>ad</strong></span> <span class='ocrx_word' id='word_1_254' title='bbox 1650 3669 1881 3760; x_wconf 86' lang='lat' dir='ltr'><strong>proximiores</strong></span> <span class='ocrx_word' id='word_1_255' title='bbox 1905 3670 2033 3743; x_wconf 87' lang='lat' dir='ltr'><strong>sculte-</strong></span> 
     </span>
     <span class='ocr_line' id='line_1_48' title="bbox 498 3773 2035 3867; baseline 0.003 -21"><span class='ocrx_word' id='word_1_256' title='bbox 498 3779 551 3846; x_wconf 91' lang='lat' dir='ltr'><strong>tos</strong></span> <span class='ocrx_word' id='word_1_257' title='bbox 571 3775 738 3848; x_wconf 79' lang='lat' dir='ltr'><strong>vlllanrm</strong></span> <span class='ocrx_word' id='word_1_258' title='bbox 769 3779 972 3848; x_wconf 87' lang='lat' dir='ltr'><strong>nostrarum</strong></span> <span class='ocrx_word' id='word_1_259' title='bbox 1004 3779 1146 3867; x_wconf 81' lang='lat' dir='ltr'><strong>portare</strong></span> <span class='ocrx_word' id='word_1_260' title='bbox 1168 3775 1225 3845; x_wconf 70' lang='grc' dir='ltr'><strong>ιιι</strong></span> <span class='ocrx_word' id='word_1_261' title='bbox 1262 3777 1413 3857; x_wconf 87' lang='lat' dir='ltr'><strong>mittere,</strong></span> <span class='ocrx_word' id='word_1_262' title='bbox 1446 3777 1510 3863; x_wconf 84' lang='lat' dir='ltr'><strong>(et)</strong></span> <span class='ocrx_word' id='word_1_263' title='bbox 1534 3773 1581 3846; x_wconf 90' lang='lat' dir='ltr'><strong>ad</strong></span> <span class='ocrx_word' id='word_1_264' title='bbox 1613 3773 1766 3846; x_wconf 88' lang='lat' dir='ltr'><strong>honores</strong></span> <span class='ocrx_word' id='word_1_265' title='bbox 1804 3795 1846 3848; x_wconf 88' lang='lat' dir='ltr'><strong>ac</strong></span> <span class='ocrx_word' id='word_1_266' title='bbox 1881 3780 2035 3850; x_wconf 74' lang='lat' dir='ltr'><strong>seruicia</strong></span> 
     </span>
    </p>
   </div>
   <div class='ocr_carea' id='block_1_11' title="bbox 435 3881 1723 3976">
    <p class='ocr_par' dir='ltr' id='par_1_11' title="bbox 435 3881 1723 3976">
     <span class='ocr_line' id='line_1_49' title="bbox 435 3881 1723 3976; baseline 0.001 -24"><span class='ocrx_word' id='word_1_267' title='bbox 435 3901 439 3911; x_wconf 92' lang='lat'>·</span> <span class='ocrx_word' id='word_1_268' title='bbox 499 3899 592 3955; x_wconf 87' lang='lat' dir='ltr'><strong>more</strong></span> <span class='ocrx_word' id='word_1_269' title='bbox 614 3883 764 3956; x_wconf 88' lang='lat' dir='ltr'><strong>allonnn</strong></span> <span class='ocrx_word' id='word_1_270' title='bbox 788 3883 1021 3956; x_wconf 78' lang='lat' dir='ltr'><strong>scritetonrm</strong></span> <span class='ocrx_word' id='word_1_271' title='bbox 1043 3887 1246 3954; x_wconf 85' lang='lat' dir='ltr'><strong>nostromm</strong></span> <span class='ocrx_word' id='word_1_272' title='bbox 1269 3881 1475 3976; x_wconf 85' lang='lat' dir='ltr'><strong>impendere</strong></span> <span class='ocrx_word' id='word_1_273' title='bbox 1497 3882 1723 3956; x_wconf 89' lang='lat' dir='ltr'><strong>tenebuntur.</strong></span> 
     </span>
    </p>
   </div>
   <div class='ocr_carea' id='block_1_12' title="bbox 498 3987 2035 4840">
    <p class='ocr_par' dir='ltr' id='par_1_12' title="bbox 653 3987 1642 4086">
     <span class='ocr_line' id='line_1_50' title="bbox 653 3987 1642 4086; baseline -0.001 -23"><span class='ocrx_word' id='word_1_274' title='bbox 653 3987 848 4064; x_wconf 81' lang='lat' dir='ltr'><strong>Emenauit</strong></span> <span class='ocrx_word' id='word_1_275' title='bbox 869 3991 1099 4086; x_wconf 84' lang='lat' dir='ltr'><strong>priuilegium</strong></span> <span class='ocrx_word' id='word_1_276' title='bbox 1123 4009 1215 4062; x_wconf 85' lang='lat' dir='ltr'><strong>anno</strong></span> <span class='ocrx_word' id='word_1_277' title='bbox 1239 3987 1385 4062; x_wconf 88' lang='lat' dir='ltr'><strong>Domini</strong></span> <span class='ocrx_word' id='word_1_278' title='bbox 1407 3987 1642 4063; x_wconf 81' lang='lat' dir='ltr'><strong>uccccvul.</strong></span> 
     </span>
    </p>

    <p class='ocr_par' dir='ltr' id='par_1_13' title="bbox 498 4095 2035 4840">
     <span class='ocr_line' id='line_1_51' title="bbox 655 4095 2033 4192; baseline 0 -20"><span class='ocrx_word' id='word_1_279' title='bbox 655 4097 821 4172; x_wconf 77' lang='lat' dir='ltr'><strong>musnet</strong></span> <span class='ocrx_word' id='word_1_280' title='bbox 842 4096 1003 4192; x_wconf 88' lang='lat' dir='ltr'><strong>predicta</strong></span> <span class='ocrx_word' id='word_1_281' title='bbox 1026 4095 1205 4170; x_wconf 86' lang='lat' dir='ltr'><strong>hereditas</strong></span> <span class='ocrx_word' id='word_1_282' title='bbox 1229 4117 1375 4171; x_wconf 80' lang='lat' dir='ltr'><strong>nrausos</strong></span> <span class='ocrx_word' id='word_1_283' title='bbox 1397 4096 1482 4170; x_wconf 85' lang='lat' dir='ltr'><strong>XVI</strong></span> <span class='ocrx_word' id='word_1_284' title='bbox 1504 4117 1628 4171; x_wconf 88' lang='lat' dir='ltr'><strong>omnes</strong></span> <span class='ocrx_word' id='word_1_285' title='bbox 1651 4117 1848 4192; x_wconf 87' lang='lat' dir='ltr'><strong>possessos,</strong></span> <span class='ocrx_word' id='word_1_286' title='bbox 1881 4103 1918 4172; x_wconf 87' lang='lat' dir='ltr'><strong>et</strong></span> <span class='ocrx_word' id='word_1_287' title='bbox 1941 4120 2033 4173; x_wconf 89' lang='lat' dir='ltr'><strong>com·</strong></span> 
     </span>
     <span class='ocr_line' id='line_1_52' title="bbox 499 4205 2034 4296; baseline 0.001 -17"><span class='ocrx_word' id='word_1_288' title='bbox 499 4209 628 4296; x_wconf 83' lang='lat' dir='ltr'><strong>putatis</strong></span> <span class='ocrx_word' id='word_1_289' title='bbox 652 4205 818 4280; x_wconf 88' lang='lat' dir='ltr'><strong>omnibus</strong></span> <span class='ocrx_word' id='word_1_290' title='bbox 841 4209 1032 4290; x_wconf 80' lang='lat' dir='ltr'><strong>in=vnum3</strong></span> <span class='ocrx_word' id='word_1_291' title='bbox 1068 4225 1227 4291; x_wconf 87' lang='lat' dir='ltr'><strong>censum,</strong></span> <span class='ocrx_word' id='word_1_292' title='bbox 1258 4207 1407 4290; x_wconf 65' lang='lat' dir='ltr'><strong>borona,</strong></span> <span class='ocrx_word' id='word_1_293' title='bbox 1434 4210 1641 4295; x_wconf 75' lang='lat' dir='ltr'><strong>popouels),</strong></span> <span class='ocrx_word' id='word_1_294' title='bbox 1672 4207 1824 4296; x_wconf 83' lang='lat' dir='ltr'><strong>singulis</strong></span> <span class='ocrx_word' id='word_1_295' title='bbox 1848 4206 2034 4281; x_wconf 90' lang='lat' dir='ltr'><strong>obuencio·</strong></span> 
     </span>
     <span class='ocr_line' id='line_1_53' title="bbox 499 4313 2035 4406; baseline 0.001 -21"><span class='ocrx_word' id='word_1_296' title='bbox 499 4313 601 4387; x_wconf 90' lang='lat' dir='ltr'><strong>nibus</strong></span> <span class='ocrx_word' id='word_1_297' title='bbox 624 4315 789 4400; x_wconf 70' lang='lat' dir='ltr'><strong>diuersis</strong></span> <span class='ocrx_word' id='word_1_298' title='bbox 822 4333 891 4406; x_wconf 89' lang='lat' dir='ltr'><strong>que</strong></span> <span class='ocrx_word' id='word_1_299' title='bbox 915 4317 1030 4387; x_wconf 87' lang='lat' dir='ltr'><strong>eciam</strong></span> <span class='ocrx_word' id='word_1_300' title='bbox 1054 4313 1207 4386; x_wconf 83' lang='lat' dir='ltr'><strong>diuersis</strong></span> <span class='ocrx_word' id='word_1_301' title='bbox 1230 4313 1451 4406; x_wconf 89' lang='lat' dir='ltr'><strong>temporibus</strong></span> <span class='ocrx_word' id='word_1_302' title='bbox 1481 4313 1713 4386; x_wconf 87' lang='lat' dir='ltr'><strong>soluebantur</strong></span> <span class='ocrx_word' id='word_1_303' title='bbox 1742 4318 1859 4398; x_wconf 84' lang='lat' dir='ltr'><strong>antes,</strong></span> <span class='ocrx_word' id='word_1_304' title='bbox 1890 4316 2035 4388; x_wconf 91' lang='lat' dir='ltr'><strong>soluunt</strong></span> 
     </span>
     <span class='ocr_line' id='line_1_54' title="bbox 501 4419 2034 4516; baseline 0.003 -26"><span class='ocrx_word' id='word_1_305' title='bbox 501 4420 611 4495; x_wconf 87' lang='lat' dir='ltr'><strong>incole</strong></span> <span class='ocrx_word' id='word_1_306' title='bbox 635 4421 682 4496; x_wconf 89' lang='lat' dir='ltr'><strong>ad</strong></span> <span class='ocrx_word' id='word_1_307' title='bbox 703 4442 852 4516; x_wconf 89' lang='lat' dir='ltr'><strong>presens</strong></span> <span class='ocrx_word' id='word_1_308' title='bbox 875 4441 939 4516; x_wconf 88' lang='lat' dir='ltr'><strong>pro</strong></span> <span class='ocrx_word' id='word_1_309' title='bbox 962 4421 1056 4494; x_wconf 83' lang='lat' dir='ltr'><strong>testo</strong></span> <span class='ocrx_word' id='word_1_310' title='bbox 1080 4424 1174 4493; x_wconf 83' lang='lat' dir='ltr'><strong>santi</strong></span> <span class='ocrx_word' id='word_1_311' title='bbox 1198 4421 1341 4493; x_wconf 82' lang='lat' dir='ltr'><strong>Martini</strong></span> <span class='ocrx_word' id='word_1_312' title='bbox 1365 4420 1410 4493; x_wconf 88' lang='lat' dir='ltr'><strong>de</strong></span> <span class='ocrx_word' id='word_1_313' title='bbox 1432 4419 1535 4494; x_wconf 89' lang='lat' dir='ltr'><strong>laneo</strong></span> <span class='ocrx_word' id='word_1_314' title='bbox 1558 4441 1623 4514; x_wconf 87' lang='lat' dir='ltr'><strong>por</strong></span> <span class='ocrx_word' id='word_1_315' title='bbox 1645 4419 1802 4493; x_wconf 82' lang='lat' dir='ltr'><strong>mediam</strong></span> <span class='ocrx_word' id='word_1_316' title='bbox 1818 4441 2034 4513; x_wconf 79' lang='lat' dir='ltr'><strong>sexagenum</strong></span> 
     </span>
     <span class='ocr_line' id='line_1_55' title="bbox 500 4526 2034 4622; baseline 0.001 -20"><span class='ocrx_word' id='word_1_317' title='bbox 500 4531 614 4604; x_wconf 89' lang='lat' dir='ltr'><strong>minus</strong></span> <span class='ocrx_word' id='word_1_318' title='bbox 637 4530 777 4604; x_wconf 89' lang='lat' dir='ltr'><strong>duobus</strong></span> <span class='ocrx_word' id='word_1_319' title='bbox 800 4532 945 4622; x_wconf 76' lang='lat' dir='ltr'><strong>grossis,</strong></span> <span class='ocrx_word' id='word_1_320' title='bbox 977 4531 1117 4604; x_wconf 91' lang='lat' dir='ltr'><strong>incluso</strong></span> <span class='ocrx_word' id='word_1_321' title='bbox 1141 4531 1256 4602; x_wconf 86' lang='lat' dir='ltr'><strong>eciam</strong></span> <span class='ocrx_word' id='word_1_322' title='bbox 1277 4532 1433 4613; x_wconf 67' lang='grc' dir='ltr'>ιιιιαιιι,</span> <span class='ocrx_word' id='word_1_323' title='bbox 1468 4547 1537 4619; x_wconf 89' lang='lat' dir='ltr'><strong>que</strong></span> <span class='ocrx_word' id='word_1_324' title='bbox 1560 4526 1605 4600; x_wconf 90' lang='lat' dir='ltr'><strong>de</strong></span> <span class='ocrx_word' id='word_1_325' title='bbox 1628 4528 1733 4612; x_wconf 89' lang='lat' dir='ltr'><strong>laneo</strong></span> <span class='ocrx_word' id='word_1_326' title='bbox 1753 4549 1818 4622; x_wconf 90' lang='lat' dir='ltr'><strong>per</strong></span> <span class='ocrx_word' id='word_1_327' title='bbox 1840 4529 1931 4602; x_wconf 88' lang='lat' dir='ltr'><strong>duos</strong></span> <span class='ocrx_word' id='word_1_328' title='bbox 1954 4531 2034 4603; x_wconf 90' lang='lat' dir='ltr'><strong>soli·</strong></span> 
     </span>
     <span class='ocr_line' id='line_1_56' title="bbox 499 4633 2033 4732; baseline 0.002 -25"><span class='ocrx_word' id='word_1_329' title='bbox 499 4633 559 4709; x_wconf 84' lang='lat' dir='ltr'><strong>dos</strong></span> <span class='ocrx_word' id='word_1_330' title='bbox 580 4639 674 4712; x_wconf 90' lang='lat' dir='ltr'><strong>solui</strong></span> <span class='ocrx_word' id='word_1_331' title='bbox 697 4643 909 4712; x_wconf 89' lang='lat' dir='ltr'><strong>consuetum</strong></span> <span class='ocrx_word' id='word_1_332' title='bbox 932 4642 996 4710; x_wconf 88' lang='lat' dir='ltr'><strong>est.</strong></span> <span class='ocrx_word' id='word_1_333' title='bbox 1043 4637 1132 4710; x_wconf 83' lang='lat' dir='ltr'><strong>Item</strong></span> <span class='ocrx_word' id='word_1_334' title='bbox 1155 4636 1200 4709; x_wconf 93' lang='lat' dir='ltr'><strong>de</strong></span> <span class='ocrx_word' id='word_1_335' title='bbox 1224 4636 1365 4727; x_wconf 76' lang='lat' dir='ltr'><strong>singulo</strong></span> <span class='ocrx_word' id='word_1_336' title='bbox 1387 4637 1490 4709; x_wconf 89' lang='lat' dir='ltr'><strong>laneo</strong></span> <span class='ocrx_word' id='word_1_337' title='bbox 1509 4635 1661 4708; x_wconf 91' lang='lat' dir='ltr'><strong>soluitur</strong></span> <span class='ocrx_word' id='word_1_338' title='bbox 1683 4657 1747 4730; x_wconf 87' lang='lat' dir='ltr'><strong>per</strong></span> <span class='ocrx_word' id='word_1_339' title='bbox 1761 4637 1852 4710; x_wconf 91' lang='lat' dir='ltr'><strong>duos</strong></span> <span class='ocrx_word' id='word_1_340' title='bbox 1868 4658 2033 4732; x_wconf 87' lang='lat' dir='ltr'><strong>capones,</strong></span> 
     </span>
     <span class='ocr_line' id='line_1_57' title="bbox 498 4743 2033 4840; baseline 0 -22"><span class='ocrx_word' id='word_1_341' title='bbox 498 4761 565 4833; x_wconf 82' lang='lat' dir='ltr'><strong>per·</strong></span> <span class='ocrx_word' id='word_1_342' title='bbox 580 4745 736 4819; x_wconf 88' lang='lat' dir='ltr'><strong>mediem</strong></span> <span class='ocrx_word' id='word_1_343' title='bbox 759 4766 975 4837; x_wconf 83' lang='lat' dir='ltr'><strong>sexagenam</strong></span> <span class='ocrx_word' id='word_1_344' title='bbox 999 4765 1159 4830; x_wconf 87' lang='lat' dir='ltr'><strong>auorum,</strong></span> <span class='ocrx_word' id='word_1_345' title='bbox 1191 4765 1256 4840; x_wconf 87' lang='lat' dir='ltr'><strong>par</strong></span> <span class='ocrx_word' id='word_1_346' title='bbox 1277 4749 1357 4817; x_wconf 85' lang='lat' dir='ltr'><strong>octo</strong></span> <span class='ocrx_word' id='word_1_347' title='bbox 1381 4743 1507 4816; x_wconf 87' lang='lat' dir='ltr'><strong>choros</strong></span> <span class='ocrx_word' id='word_1_348' title='bbox 1532 4763 1645 4816; x_wconf 83' lang='lat' dir='ltr'><strong>enarre</strong></span> <span class='ocrx_word' id='word_1_349' title='bbox 1668 4749 1706 4816; x_wconf 89' lang='lat' dir='ltr'><strong>et</strong></span> <span class='ocrx_word' id='word_1_350' title='bbox 1727 4765 1791 4838; x_wconf 87' lang='lat' dir='ltr'><strong>per·</strong></span> <span class='ocrx_word' id='word_1_351' title='bbox 1813 4744 1904 4818; x_wconf 91' lang='lat' dir='ltr'><strong>duos</strong></span> <span class='ocrx_word' id='word_1_352' title='bbox 1927 4745 2033 4818; x_wconf 90' lang='lat' dir='ltr'><strong>horos</strong></span> 
     </span>
    </p>
   </div>
   <div class='ocr_carea' id='block_1_13' title="bbox 437 4847 2033 4946">
    <p class='ocr_par' dir='ltr' id='par_1_14' title="bbox 437 4847 2033 4946">
     <span class='ocr_line' id='line_1_58' title="bbox 437 4847 2033 4946; baseline -0.001 -18"><span class='ocrx_word' id='word_1_353' title='bbox 437 4905 456 4928; x_wconf 54' lang='lat' dir='ltr'><strong>s</strong></span> <span class='ocrx_word' id='word_1_354' title='bbox 499 4847 643 4927; x_wconf 87' lang='lat' dir='ltr'><strong>humuli.</strong></span> <span class='ocrx_word' id='word_1_355' title='bbox 689 4854 850 4928; x_wconf 77' lang='lat' dir='ltr'><strong>&#39;labarae</strong></span> <span class='ocrx_word' id='word_1_356' title='bbox 873 4859 958 4926; x_wconf 87' lang='lat' dir='ltr'><strong>sunt</strong></span> <span class='ocrx_word' id='word_1_357' title='bbox 981 4859 1053 4926; x_wconf 87' lang='lat' dir='ltr'><strong>tres</strong></span> <span class='ocrx_word' id='word_1_358' title='bbox 1076 4871 1252 4946; x_wconf 83' lang='lat' dir='ltr'><strong>possesse,</strong></span> <span class='ocrx_word' id='word_1_359' title='bbox 1277 4851 1322 4924; x_wconf 89' lang='lat' dir='ltr'><strong>de</strong></span> <span class='ocrx_word' id='word_1_360' title='bbox 1345 4851 1475 4944; x_wconf 90' lang='lat' dir='ltr'><strong>quibus</strong></span> <span class='ocrx_word' id='word_1_361' title='bbox 1497 4871 1562 4944; x_wconf 92' lang='lat' dir='ltr'><strong>per</strong></span> <span class='ocrx_word' id='word_1_362' title='bbox 1577 4851 1752 4924; x_wconf 85' lang='lat' dir='ltr'><strong>iertonem</strong></span> <span class='ocrx_word' id='word_1_363' title='bbox 1772 4853 1932 4936; x_wconf 88' lang='lat' dir='ltr'><strong>soluunt;</strong></span> <span class='ocrx_word' id='word_1_364' title='bbox 1958 4855 2033 4944; x_wconf 78' lang='lat' dir='ltr'><strong>agn·</strong></span> 
     </span>
    </p>
   </div>
   <div class='ocr_carea' id='block_1_14' title="bbox 499 4957 2034 5577">
    <p class='ocr_par' dir='ltr' id='par_1_15' title="bbox 499 4957 2034 5056">
     <span class='ocr_line' id='line_1_59' title="bbox 499 4957 2034 5056; baseline -0.002 -21"><span class='ocrx_word' id='word_1_365' title='bbox 499 4957 724 5035; x_wconf 73' lang='lat' dir='ltr'><strong>tabernarum</strong></span> <span class='ocrx_word' id='word_1_366' title='bbox 746 4963 785 5036; x_wconf 92' lang='lat' dir='ltr'><strong>in</strong></span> <span class='ocrx_word' id='word_1_367' title='bbox 807 4964 1060 5056; x_wconf 87' lang='lat' dir='ltr'><strong>suprascriptis</strong></span> <span class='ocrx_word' id='word_1_368' title='bbox 1076 4959 1161 5034; x_wconf 84' lang='lat' dir='ltr'><strong>xvl</strong></span> <span class='ocrx_word' id='word_1_369' title='bbox 1184 4963 1319 5033; x_wconf 90' lang='lat' dir='ltr'><strong>mansis</strong></span> <span class='ocrx_word' id='word_1_370' title='bbox 1335 4959 1577 5033; x_wconf 88' lang='lat' dir='ltr'><strong>includuntur.</strong></span> <span class='ocrx_word' id='word_1_371' title='bbox 1624 4959 1714 5032; x_wconf 89' lang='lat' dir='ltr'><strong>Item</strong></span> <span class='ocrx_word' id='word_1_372' title='bbox 1737 4963 1907 5052; x_wconf 85' lang='lat' dir='ltr'><strong>quociens</strong></span> <span class='ocrx_word' id='word_1_373' title='bbox 1924 4960 2034 5034; x_wconf 90' lang='lat' dir='ltr'><strong>domi·</strong></span> 
     </span>
    </p>

    <p class='ocr_par' dir='ltr' id='par_1_16' title="bbox 500 5059 2034 5162">
     <span class='ocr_line' id='line_1_60' title="bbox 500 5059 2034 5162; baseline 0.003 -26"><span class='ocrx_word' id='word_1_374' title='bbox 500 5083 563 5140; x_wconf 87' lang='lat' dir='ltr'><strong>nus</strong></span> <span class='ocrx_word' id='word_1_375' title='bbox 584 5070 654 5143; x_wconf 93' lang='lat' dir='ltr'><strong>loci</strong></span> <span class='ocrx_word' id='word_1_376' title='bbox 677 5069 877 5144; x_wconf 87' lang='lat' dir='ltr'><strong>ordinarius</strong></span> <span class='ocrx_word' id='word_1_377' title='bbox 898 5059 960 5141; x_wconf 85' lang='lat' dir='ltr'><strong>bic</strong></span> <span class='ocrx_word' id='word_1_378' title='bbox 982 5069 1208 5142; x_wconf 87' lang='lat' dir='ltr'><strong>Unleioniam</strong></span> <span class='ocrx_word' id='word_1_379' title='bbox 1232 5067 1388 5150; x_wconf 86' lang='lat' dir='ltr'><strong>aduenit,</strong></span> <span class='ocrx_word' id='word_1_380' title='bbox 1412 5067 1456 5139; x_wconf 88' lang='lat' dir='ltr'><strong>de</strong></span> <span class='ocrx_word' id='word_1_381' title='bbox 1480 5069 1640 5141; x_wconf 89' lang='lat' dir='ltr'><strong>stacione</strong></span> <span class='ocrx_word' id='word_1_382' title='bbox 1663 5066 1709 5139; x_wconf 90' lang='lat' dir='ltr'><strong>de</strong></span> <span class='ocrx_word' id='word_1_383' title='bbox 1729 5068 1833 5142; x_wconf 90' lang='lat' dir='ltr'><strong>laneo</strong></span> <span class='ocrx_word' id='word_1_384' title='bbox 1856 5088 1921 5162; x_wconf 88' lang='lat' dir='ltr'><strong>par</strong></span> <span class='ocrx_word' id='word_1_385' title='bbox 1943 5068 2034 5142; x_wconf 93' lang='lat' dir='ltr'><strong>duos</strong></span> 
     </span>
    </p>

    <p class='ocr_par' dir='ltr' id='par_1_17' title="bbox 499 5173 2032 5269">
     <span class='ocr_line' id='line_1_61' title="bbox 499 5173 2032 5269; baseline -0.002 -19"><span class='ocrx_word' id='word_1_386' title='bbox 499 5175 618 5263; x_wconf 69' lang='lat' dir='ltr'><strong>salios,</strong></span> <span class='ocrx_word' id='word_1_387' title='bbox 641 5181 693 5250; x_wconf 88' lang='grc' dir='ltr'><strong>ιιι</strong></span> <span class='ocrx_word' id='word_1_388' title='bbox 717 5178 787 5251; x_wconf 88' lang='lat' dir='ltr'><strong>alie</strong></span> <span class='ocrx_word' id='word_1_389' title='bbox 808 5178 892 5250; x_wconf 88' lang='lat' dir='ltr'><strong>ville</strong></span> <span class='ocrx_word' id='word_1_390' title='bbox 915 5175 1078 5250; x_wconf 86' lang='lat' dir='ltr'><strong>reddunt.</strong></span> <span class='ocrx_word' id='word_1_391' title='bbox 1125 5177 1192 5249; x_wconf 86' lang='lat' dir='ltr'><strong>Pro</strong></span> <span class='ocrx_word' id='word_1_392' title='bbox 1208 5179 1323 5269; x_wconf 86' lang='lat' dir='ltr'><strong>primo</strong></span> <span class='ocrx_word' id='word_1_393' title='bbox 1342 5173 1632 5248; x_wconf 82' lang='lat' dir='ltr'><strong>reuerendissinai</strong></span> <span class='ocrx_word' id='word_1_394' title='bbox 1648 5174 1783 5247; x_wconf 90' lang='lat' dir='ltr'><strong>domini</strong></span> <span class='ocrx_word' id='word_1_395' title='bbox 1806 5175 2032 5248; x_wconf 90' lang='lat' dir='ltr'><strong>Unleioniam</strong></span> 
     </span>
    </p>

    <p class='ocr_par' dir='ltr' id='par_1_18' title="bbox 500 5279 2033 5380">
     <span class='ocr_line' id='line_1_62' title="bbox 500 5279 2033 5380; baseline 0.002 -28"><span class='ocrx_word' id='word_1_396' title='bbox 500 5279 653 5358; x_wconf 75' lang='lat' dir='ltr'><strong>saecuto</strong></span> <span class='ocrx_word' id='word_1_397' title='bbox 672 5302 787 5360; x_wconf 77' lang='lat' dir='ltr'><strong>virum</strong></span> <span class='ocrx_word' id='word_1_398' title='bbox 809 5305 919 5380; x_wconf 86' lang='lat' dir='ltr'><strong>pecus</strong></span> <span class='ocrx_word' id='word_1_399' title='bbox 950 5285 1082 5358; x_wconf 86' lang='lat' dir='ltr'><strong>valoris</strong></span> <span class='ocrx_word' id='word_1_400' title='bbox 1111 5287 1240 5375; x_wconf 79' lang='lat' dir='ltr'><strong>viginti</strong></span> <span class='ocrx_word' id='word_1_401' title='bbox 1271 5289 1424 5376; x_wconf 79' lang='lat' dir='ltr'><strong>quotuor</strong></span> <span class='ocrx_word' id='word_1_402' title='bbox 1452 5302 1669 5374; x_wconf 78' lang='lat' dir='ltr'><strong>grossorum,</strong></span> <span class='ocrx_word' id='word_1_403' title='bbox 1701 5283 1757 5355; x_wconf 88' lang='lat' dir='ltr'><strong>vel</strong></span> <span class='ocrx_word' id='word_1_404' title='bbox 1789 5287 1906 5378; x_wconf 87' lang='lat' dir='ltr'><strong>ipsam</strong></span> <span class='ocrx_word' id='word_1_405' title='bbox 1929 5301 2033 5378; x_wconf 86' lang='lat' dir='ltr'><strong>pecu·</strong></span> 
     </span>
    </p>

    <p class='ocr_par' dir='ltr' id='par_1_19' title="bbox 499 5383 2033 5577">
     <span class='ocr_line' id='line_1_63' title="bbox 499 5383 2033 5488; baseline 0 -27"><span class='ocrx_word' id='word_1_406' title='bbox 499 5389 593 5480; x_wconf 74' lang='lat' dir='ltr'><strong>uam</strong></span> <span class='ocrx_word' id='word_1_407' title='bbox 616 5391 712 5468; x_wconf 81' lang='lat' dir='ltr'><strong>dant</strong></span> <span class='ocrx_word' id='word_1_408' title='bbox 758 5393 937 5472; x_wconf 71' lang='lat' dir='ltr'><strong>laborant</strong></span> <span class='ocrx_word' id='word_1_409' title='bbox 971 5393 1061 5468; x_wconf 86' lang='lat' dir='ltr'><strong>duos</strong></span> <span class='ocrx_word' id='word_1_410' title='bbox 1085 5393 1162 5468; x_wconf 87' lang='lat' dir='ltr'><strong>dies</strong></span> <span class='ocrx_word' id='word_1_411' title='bbox 1197 5395 1235 5465; x_wconf 89' lang='lat' dir='ltr'><strong>in</strong></span> <span class='ocrx_word' id='word_1_412' title='bbox 1263 5395 1465 5488; x_wconf 88' lang='lat' dir='ltr'><strong>septimana</strong></span> <span class='ocrx_word' id='word_1_413' title='bbox 1498 5394 1536 5464; x_wconf 91' lang='lat' dir='ltr'><strong>in</strong></span> <span class='ocrx_word' id='word_1_414' title='bbox 1568 5389 1692 5486; x_wconf 89' lang='lat' dir='ltr'><strong>predio</strong></span> <span class='ocrx_word' id='word_1_415' title='bbox 1714 5383 1935 5482; x_wconf 75' lang='lat' dir='ltr'><strong>‘Ntempslow</strong></span> <span class='ocrx_word' id='word_1_416' title='bbox 1969 5408 2033 5484; x_wconf 90' lang='lat' dir='ltr'><strong>pro</strong></span> 
     </span>
     <span class='ocr_line' id='line_1_64' title="bbox 1818 5517 1868 5577; baseline -0.02 0"><span class='ocrx_word' id='word_1_417' title='bbox 1818 5517 1868 5577; x_wconf 80' lang='lat' dir='ltr'><strong>lt·</strong></span> 
     </span>
    </p>
   </div>
   <div class='ocr_carea' id='block_1_15' title="bbox 0 0 2366 6356">
    <p class='ocr_par' dir='ltr' id='par_1_20' title="bbox 0 0 2366 6356">
     <span class='ocr_line' id='line_1_65' title="bbox 0 0 2366 6356; baseline 0 0"><span class='ocrx_word' id='word_1_418' title='bbox 0 0 2366 6356; x_wconf 95' lang='lat' dir='ltr'><strong> </strong></span> 
     </span>
    </p>
   </div>
  </div>
 </body>
</html>
