4720 6360
424 727 624 798 18851408.
649 721 707 796 die
731 727 784 796 18.
808 721 946 796 mensis
967 713 1279 810 iulittanaiclae.

583 939 747 1014 iudicum
781 937 1005 1032 quorundum
1036 937 1230 1022 decretum,
1268 939 1361 1010 inter
1390 937 1577 1012 Nicolaum
1608 939 1796 1032 Stroeberg
1818 961 1960 1036 praepo

420 1049 534 1226 {literram
545 1045 803 1230 dernpensgg-oem
826 1053 864 1121 et
887 1045 1085 1141 capitulum
1108 1044 1312 1120 cathedrale
1336 1045 1543 1120 Guesnense
1567 1044 1612 1118 de
1633 1047 1728 1120 uillis
1748 1047 1958 1139 qmbusdam

586 1369 628 1442 In
651 1373 794 1446 nomine
816 1371 963 1444 Domini
986 1391 1102 1444 anien.
1150 1370 1240 1464 lilla,
1275 1389 1345 1462 quc
1379 1390 1443 1463 pro
1476 1371 1594 1442 cultus
1626 1369 1740 1445 diuini
1770 1379 1960 1462 augmento

420 1497 725 1571 personarumque
758 1479 1084 1552 ecclesiastieamm
1107 1477 1270 1571 profectu
1295 1477 1452 1570 espace,
1489 1481 1592 1550 cuius
1626 1479 1768 1550 nonnisi
1801 1481 1841 1551 in
1874 1485 1960 1556 tarn·
2077 1511 2084 1530 ·

419 1605 506 1679 pore
528 1585 619 1659 bene
644 1588 771 1659 colitur
784 1589 885 1680 pacis
909 1592 1043 1672 auctor,
1067 1586 1215 1659 solerter
1238 1591 1324 1658 sunt
1346 1585 1511 1658 dbcussa
1533 1590 1570 1658 et
1584 1585 1774 1658 salubriter
1788 1585 1959 1678 ordinata
2012 1615 2016 1624 ·

421 1698 462 1766 vt
483 1691 621 1767 illibata
643 1698 877 1788 permaneant
900 1700 938 1768 et
958 1696 996 1766 in
1019 1697 1137 1787 prima
1159 1692 1312 1766 discidia
1325 1713 1397 1766 non
1412 1696 1612 1785 resurgant,
1637 1697 1802 1784 congnm
1824 1693 1961 1772 adieera
2019 1705 2025 1714 '

423 1803 634 1890 memoriam
656 1802 792 1874 roboris
816 1805 992 1896 oportuni.
1039 1800 1191 1874 Proinde
1213 1821 1279 1874 nos
1303 1800 1523 1874 wladislaus
1547 1801 1614 1873 Dei
1637 1803 1761 1890 gracia
1781 1821 1844 1874 rex
1866 1802 1961 1878 Polo·

312 1999 314 2004 Ι
421 1911 490 1994 nie,
526 1929 666 1983 necnon
698 1914 874 1984 terrarum
901 1907 1083 1995 Cimonis,
1120 1907 1354 1994 sandomirie,
1391 1907 1550 2000 Syradie,
1582 1907 1758 1994 Lancicia,
1793 1909 1959 2001 maxema,

422 2015 602 2103 Dobrinie,
632 2017 816 2110 Lytwanle
838 2020 1005 2112 princeps
1036 2035 1237 2112 supremus,
1268 2017 1486 2101 Pomoranie,
1517 2017 1714 2108 Russieque
1737 2016 1904 2091 dominus
1926 2027 1961 2094 et

421 2122 524 2198 heres
549 2130 615 2200 eto.
649 2131 686 2199 et
717 2125 843 2198 eedem
875 2129 998 2216 gracia
1031 2124 1200 2198 Nicolaus
1234 2124 1523 2218 archiepiscopus
1552 2125 1781 2210 Gneznensis
1813 2125 1959 2202 lacobus

420 2231 601 2306 Plocensis
625 2237 662 2305 et
683 2233 851 2306 Albertus
874 2233 1129 2307 Poznanieusis
1153 2232 1472 2324 comprouinoiales
1488 2235 1658 2326 episcopi,
1681 2252 1820 2306 necnon
1843 2232 1960 2308 Oristi·

421 2361 489 2412 nus
520 2339 768 2427 Sandecensis,
800 2341 965 2414 Clemens
988 2341 1246 2434 Wpelpoensis,
1279 2339 1464 2412 lanussius
1495 2339 1705 2412 Kalisiensis
1736 2344 1773 2412 et
1793 2327 1959 2414 Nicolaus
2059 2399 2060 2402 ι

421 2448 673 2540 Woynicansis
697 2449 882 2521 castellani
905 2451 945 2521 in
967 2468 1077 2539 regno
1101 2448 1254 2532 Polonie,
1279 2468 1322 2519 ac
1345 2447 1521 2520 lohannes
1546 2447 1591 2518 de
1613 2449 1736 2518 Labie
1761 2453 1797 2520 et
1811 2448 1959 2522 Michacl

419 2555 547 2628 Bllden
570 2555 793 2628 decretorum
817 2556 990 2642 doctores,
1014 2557 1176 2629 canonici
1199 2555 1470 2639 Pornanienses,
1503 2553 1549 2626 ad
1571 2555 1731 2627 futuram
1754 2559 1960 2630 memoriam
2060 2626 2061 2629 Ν

351 2703 355 2710 ·
421 2667 714 2762 omniumqueet
735 2665 970 2756 singulorum,
1002 2683 1155 2754 quorum
1177 2666 1327 2736 interest
1356 2665 1536 2749 noticiam,
1567 2662 1777 2736 deducimus
1800 2684 1865 2756 per
1886 2683 1959 2758 pre·

420 2777 551 2858 sentes,
575 2771 670 2863 quod
695 2793 779 2844 eum
801 2775 839 2844 in
862 2792 928 2846 nos
951 2776 1125 2863 tanquam
1149 2771 1311 2856 arbitros,
1336 2771 1563 2843 arbitratores
1588 2775 1625 2842 et
1640 2771 1845 2844 amicabiles
1870 2791 1959 2846 corn·

342 2870 343 2873 '
419 2882 593 2974 positores
618 2901 661 2953 ae
684 2877 900 2952 diffinitores
923 2879 1146 2952 venerabiles
1169 2885 1206 2951 et
1229 2881 1480 2972 circumspecti
1502 2881 1571 2952 viri
1591 2879 1759 2951 Nicotaus
1775 2879 1959 2972 Strosberg
2013 2893 2016 2900 ’

420 2990 623 3081 prepositus
647 3007 713 3060 suo
737 2991 773 3060 et
794 2991 1018 3081 prepositure
1052 3007 1127 3072 sue,
1163 3007 1206 3058 ex
1228 3007 1310 3072 vna,
1342 2992 1378 3058 et
1408 2987 1584 3059 Iohannes
1607 2987 1761 3060 Hanczel
1793 2987 1958 3074 decanus,

418 3094 569 3168 lacobus
592 3095 729 3168 Palulra
752 3099 884 3181 custos,
908 3094 1078 3168 Nicolaus
1103 3094 1333 3180 Simesconis,
1356 3092 1556 3167 Dobeslaus
1571 3094 1617 3168 de
1633 3096 1836 3182 Oemctewo,
1860 3095 1960 3168 Nico·

419 3202 499 3275 laus
521 3203 837 3276 vicecancellarius
861 3205 964 3294 regni
995 3203 1138 3276 Polonie
1168 3201 1329 3296 predicti,
1364 3201 1533 3274 Nicolaus
1561 3202 1606 3275 dc
1630 3205 1757 3288 Gerbo,
1792 3199 1978 3276 Alteros·

420 3310 466 3384 de
488 3313 647 3396 Modica,
671 3309 870 3384 Blisborius
894 3309 1170 3401 deotpertum,
1194 3311 1306 3383 Loroo
1328 3310 1374 3382 de
1398 3313 1531 3395 Vneoao,
1556 3310 1724 3383 Nicolaus
1747 3310 1901 3404 Bronis'u
1926 3317 1960 3384 et

420 3419 645 3510 Daeabogius
669 3421 834 3492 canonici
857 3418 1008 3491 ecclesie
1032 3418 1261 3504 (lucanensis,
1282 3419 1370 3520 *suis
1395 3425 1431 3490 et
1454 3421 1617 3490 omnium
1640 3419 1864 3522 singulorum
1886 3439 1960 3512 pre

419 3527 574 3600 latorum
611 3532 647 3599 et
682 3528 934 3599 canonicorum
967 3526 1174 3599 absentium
1210 3529 1398 3617 tociusque
1439 3527 1586 3619 capituli
1621 3524 1781 3598 eiusdem
1814 3529 1960 3600 ecclesie

419 3637 659 3728 procuratoris
682 3633 899 3719 nominibus,
923 3655 967 3706 ex
991 3635 1102 3707 altera
1124 3635 1297 3727 partibus,
1321 3633 1367 3706 de
1390 3640 1427 3706 et
1449 3633 1663 3726 superviilis
1677 3633 1828 3708 inierim
1852 3637 1959 3708 nomi·

420 3745 527 3828 natis,
550 3763 621 3835 que
643 3742 727 3814 ville
750 3741 898 3835 capituli
921 3742 1072 3814 ecclesie
1095 3741 1315 3814 Gneenensis
1338 3747 1621 3835 nunccupantur,
1647 3749 1683 3814 et
1701 3763 1824 3815 earum
1846 3743 1958 3836 dispo

419 3852 564 3936 sicione,
590 3842 796 3935 donacione,
827 3849 1055 3922 ordinacione
1079 3853 1115 3922 et
1136 3853 1351 3942 prouisione,
1383 3851 1493 3942 eurijs
1525 3869 1665 3940 quoque
1696 3849 1958 3922 canonicalibus
2062 3887 2063 3890 ι

420 3963 457 4031 et
479 3961 566 4030 ortis
591 3960 643 4030 eis
667 3957 924 4042 adiacentibus,
960 3957 1043 4049 aliis
1077 3977 1218 4050 quoque
1254 3957 1392 4030 iuribus
1428 3963 1464 4029 et
1490 3957 1790 4044 iurisdicionibus,
1823 3976 1958 4031 necnon

420 4087 530 4160 super
552 4065 805 4158 displicenoijs,
835 4064 1035 4156 discordljs‚
1067 4066 1202 4151 litibus,
1227 4068 1357 4151 causis,
1381 4065 1626 4158 questionibus
1651 4072 1687 4138 et
1709 4067 1958 4156 controuersijs

421 4195 542 4246 eorum
579 4175 894 4246 occasionaliter
925 4180 1046 4266 partes
1070 4174 1214 4247 easdem
1251 4174 1296 4246 ab
1320 4174 1404 4246 olim
1442 4173 1608 4259 subortis
1644 4179 1681 4245 et
1703 4180 1777 4247 tam
1802 4175 1838 4246 in
1863 4174 1959 4246 curia

419 4283 590 4367 Romana,
629 4301 738 4372 quum
771 4284 809 4354 in
845 4281 1008 4374 portibus
1041 4281 1182 4355 diucius
1216 4289 1252 4354 et
1288 4303 1406 4354 coram
1432 4284 1513 4375 aliJs
1538 4281 1689 4354 diuersis
1724 4281 1903 4354 indicibus
1925 4283 1959 4350 et

422 4391 746 4484 compromissarijs
770 4390 962 4474 ventilatis,
987 4394 1190 4462 commissis
1215 4396 1250 4463 ct
1272 4389 1521 4484 pendentibus,
1546 4397 1673 4483 sponte
1688 4395 1724 4461 et
1742 4387 1958 4462 concorditer

421 4500 761 4591 compromisissent,
791 4497 971 4587 libereque
1002 4502 1039 4570 et
1067 4501 1305 4571 communiter
1336 4499 1507 4571 fecissent
1531 4501 1828 4591 compromissum
1851 4499 1958 4589 stipu-

359 4673 363 4680 .
420 4606 558 4678 iacione
582 4606 761 4698 solempni
782 4625 946 4698 peneque
968 4606 1153 4692 vallatum,
1184 4612 1290 4699 prout
1312 4609 1349 4678 in
1373 4609 1621 4678 instrumentis
1636 4606 1797 4698 publicis
1821 4603 1956 4677 duobus

420 4713 575 4808 desuper
598 4714 783 4798 confectis,
807 4715 948 4805 plonius
972 4719 1008 4784 et
1030 4714 1145 4786 lacius
1173 4719 1229 4786 est
1253 4733 1470 4807 expressum.
1518 4713 1675 4802 erorum
1710 4717 1956 4785 instrumenta·

419 4843 501 4894 nrm
524 4827 665 4904 tenores
689 4827 889 4910 sequuntur
911 4821 956 4894 de
979 4823 1089 4894 uerbo
1114 4823 1160 4894 ed
1182 4823 1333 4895 uerbum
1357 4822 1403 4894 ad
1428 4828 1643 4896 contextum.

584 4929 644 5017 ,ln
676 4930 819 5001 nomine
852 4929 997 5000 Domini
1021 4949 1137 5002 anien.
1185 4930 1258 5002 Sub
1290 4951 1383 5003 arrno
1414 4931 1621 5002 Natiuitatis
1655 4929 1813 5002 eiusdem
1851 4927 1955 5002 inille-

423 5041 535 5126 ,simo
558 5036 910 5128 quadringentesimo
932 5041 1071 5122 octauo,
1106 5038 1304 5110 indiccione
1327 5041 1453 5131 prime,
1483 5039 1717 5132 pontificatus
1741 5033 1954 5110 sanctissimi

423 5149 480 5234 ,in
504 5145 644 5218 Christo
668 5147 780 5236 patris
810 5151 847 5216 et
868 5143 1004 5217 domini
1028 5148 1150 5232 nostri,
1186 5147 1322 5218 domini
1346 5147 1505 5240 Gregorij
1541 5147 1651 5236 digna
1674 5147 1739 5217 Dei
1772 5143 1955 5240 prouiden-

422 5257 500 5342 ,cia
515 5275 608 5347 pape
627 5252 840 5337 duodecimi,
865 5273 958 5326 anno
974 5255 1131 5326 secundo
1146 5257 1270 5348 ipsius,
1295 5255 1354 5328 dle
1369 5255 1467 5327 Luno
1491 5257 1662 5326 vicesima
1678 5255 1800 5344 quintu
1825 5249 1970 5325 mensis·

421 5362 546 5455 ,Iunij,
580 5362 668 5434 hora
701 5363 920 5454 completorii
958 5364 1017 5434 uel
1052 5367 1165 5454 quasi,
1187 5365 1238 5434 iu
1263 5369 1379 5435 castro
1403 5361 1646 5448 Poenanieusi,
1683 5365 1719 5433 in
1754 5357 1954 5433 dormitorio

420 5471 564 5560 ,regalt
599 5475 871 5560 nostrorumque
895 5473 1112 5541 notariorum
1142 5471 1366 5562 publicorum
1400 5475 1618 5561 testiumque
1650 5470 1954 5561 infrascriptoruru

2170 669 2237 770 ,ari
2258 680 2297 753 h·
2314 716 2322 739 ·

2171 787 2280 876 ,biles
2332 781 2356 860 ἓ

2169 911 2357 995 ,11θοῐὶοιΙ

2170 1002 2305 1092 ,torro
2348 999 2357 1094 ζ

2172 1112 2302 1198 ,ricco
2349 1097 2359 1118 “

2174 1221 2320 1305 ,canoni

2174 1329 2230 1414 ,et
2252 1327 2340 1398 cuin

2174 1425 2340 1520 ,asseres

2173 1539 2264 1626 „sub
2286 1560 2346 1636 pu

2176 1667 2264 1744 ,opo
2352 1646 2360 1773 t

2176 1759 2312 1846 ,stione
2334 1764 2360 1859 ιζ

2176 1871 2351 1955 „meac

2178 1973 2290 2060 „diter
2310 1973 2348 2044 in

2176 2083 2357 2172 ,simum

2178 2187 2350 2276 ,Polonia

2179 2298 2345 2388 ,accepte

2181 2408 2357 2490 „toreme

2181 2509 2360 2603 ,displice

2183 2621 2352 2706 ,sioner

2183 2725 2353 2817 „iillwp

2184 2837 2350 2926 „iisse

2185 2941 2360 3030 ,Gneene

2185 3054 2241 3136 ,et
2268 3049 2357 3120 iuris

2187 3151 2244 3244 ,et
2266 3159 2336 3228 sin

2185 3262 2352 3352 ,strabat

2187 3372 2303 3468 ,dorni
2348 3400 2360 3431 :-

2187 3497 2358 3569 „conseru

2187 3606 2352 3680 ,compos

2189 3696 2360 3788 ,questio

2191 3802 2305 3892 ,dicte
2327 3821 2352 3893 p

2195 3912 2282 3998 ,tori
2305 3927 2344 3980 se

2193 4016 2359 4108 ,recepti

2191 4125 2353 4215 ,Christo

2195 4233 2282 4320 „bus
2306 4235 2343 4303 et

2197 4341 2318 4427 ,bonis
2335 4357 2354 4409 e

2195 4449 2355 4536 „duxerit

2196 4563 2251 4643 ,et
2274 4555 2342 4628 lice

2195 4665 2351 4752 ,datum

2196 4779 2252 4858 „et
2285 4772 2330 4853 li

2197 4882 2339 4972 ,primii

2198 4988 2329 5072 ,literis

2199 5115 2301 5184 „roge
2325 5113 2360 5164 ιι

2201 5202 2307 5286 ,bant
2331 5201 2343 5269 i

2202 5327 2354 5402 ,ponen

2201 5420 2297 5500 „iure
2327 5435 2346 5485 e
