4706 6356
156 462 289 558 '⁴⁰

246 663 398 738 durante
420 661 547 736 codam
571 660 727 756 capitulo
757 665 841 756 posi
871 659 996 734 linitas
1018 677 1191 754 vesperas
1220 676 1346 734 omnes
1369 663 1456 736 tunc
1484 665 1669 759 presentes
1692 675 1796 738 cano

244 774 317 846 nici
341 777 450 864 atqua
472 775 598 844 eoruni
619 771 745 864 vicari]
769 769 915 861 vigilias
938 775 977 842 ei
998 767 1042 842 de
1059 789 1167 842 mane
1186 771 1338 843 missam
1352 769 1604 845 deiunctornm
1626 775 1664 846 in
1687 771 1798 848 cocle·

244 883 301 954 sia
322 883 446 952 nostra
468 879 610 972 prelata
632 878 866 972 solempniter
887 876 1082 951 decantent
1109 897 1174 970 pro
1196 876 1376 952 deiunctls
1396 878 1698 953 Poznaniensibus
1726 883 1798 974 api·

244 990 381 1082 scopia
402 988 457 1060 ita
477 991 611 1074 tamen,¹
633 993 676 1060 νο
697 987 802 1060 nobis
825 989 903 1060 viia
923 986 1060 1058 iunctis
1084 985 1198 1058 nostri
1221 989 1375 1060 nondun
1406 989 1573 1060 recitacio
1595 989 1800 1082 specialiter

244 1097 314 1170 ilat
344 1099 384 1168 in
404 1095 542 1188 vigiliis
572 1099 610 1168 et
636 1097 770 1182 missis,
803 1097 843 1168 in
869 1095 1020 1168 secretis
1043 1099 1080 1166 at
1110 1093 1797 1188 collectaspeciai1,videlicet,Daus‚

245 1206 307 1297 qui
330 1207 425 1276 inter
447 1205 671 1298 apostolicos
684 1207 887 1278 antistites¹¹
913 1207 981 1276 etc.
1005 1204 1121 1276 eciam
1147 1201 1346 1291 ,iamulum
1361 1209 1467 1276 tuum
1483 1203 1695 1277 Albesium·
1719 1219 1798 1300 pcr-

244 1319 354 1408 petuo
385 1314 573 1385 munaum
607 1310 853 1398 decantandis,
888 1310 1036 1384 cuilibet
1069 1315 1192 1383 autem
1222 1313 1394 1384 canonico
1421 1316 1459 1384 et
1479 1312 1616 1406 prelato
1648 1316 1738 1385 nine
1758 1315 1799 1388 in

246 1421 355 1494 choro
377 1419 545 1514 presenti,
569 1419 640 1493 hoc
661 1421 768 1494 modo
792 1423 943 1492 missmn
965 1419 1101 1510 legenti
1122 1423 1215 1506 octo,
1237 1437 1311 1492 non
1333 1418 1469 1511 legenti
1485 1439 1572 1494 vero
1594 1441 1657 1492 sex
1679 1423 1800 1512 mussi

245 1545 309 1623 pro
331 1528 532 1602 misecione
555 1527 700 1615 dentum
728 1527 879 1620 quilibet
901 1547 1043 1620 quoque
1065 1525 1285 1620 prelatorum
1308 1526 1517 1600 eorumdem
1546 1531 1635 1601 tunc
1655 1549 1799 1623 presen-

246 1637 343 1710 cium
372 1635 483 1722 duos,
522 1637 657 1728 singuli
691 1657 775 1710 vero
809 1641 899 1709 tunc
933 1637 1047 1708 eciam
1079 1639 1267 1728 presentes
1308 1637 1481 1715 canoriici¹
1506 1654 1620 1708 vnum
1652 1655 1798 1728 grossos

246 1745 341 1818 dicte
364 1744 577 1818 Potonicalis
601 1749 744 1818 moneto
773 1744 842 1816 sub
873 1743 1259 1816 excommunicacionis
1282 1763 1387 1836 pena,
1420 1763 1530 1836 quam
1554 1763 1695 1818 emunc
1717 1737 1799 1818 ieri-

248 1873 331 1926 mus
354 1855 394 1939 in
414 1849 489 1945 hiis
512 1853 668 1946 scriptis,
698 1855 738 1925 in
764 1851 925 1943 qualibet
952 1853 1065 1923 missa
1087 1849 1296 1922 huiusmodi
1327 1849 1580 1925 ddunetoruru
1609 1855 1800 1926 teneantur

246 1960 293 2035 ad
315 1961 429 2034 altare
450 1959 566 2034 oiiere
588 1961 682 2033 inter
704 1958 840 2033 ibidem
861 1963 950 2031 tunc
971 1963 1158 2053 presentes
1181 1958 1221 2030 in
1244 1957 1352 2031 choro
1383 1963 1622 2034 concanentas
1644 1959 1799 2034 nomios

248 2063 472 2142 diuidendos.
519 2065 597 2158 Qod
620 2073 742 2142 autam
764 2067 942 2162 supererit
964 2064 1009 2138 de
1032 2065 1138 2138 dictis
1163 2065 1405 2158 quadraginin
1426 2070 1559 2140 marcis
1575 2067 1681 2140 dictis
1704 2087 1800 2140 com·

248 2175 573 2250 memoraclonlbua
606 2178 773 2271 peractis,
805 2178 908 2249 iuxta
937 2173 1024 2247 dicti
1046 2175 1161 2246 nonni
1191 2179 1229 2246 et
1258 2174 1409 2248 ecclesie
1440 2180 1563 2248 nosne
1593 2177 1741 2269 capituli
1763 2179 1800 2248 et

246 2288 530 2390 procuratorum,
569 2287 631 2376 qui
654 2303 719 2378 pro
748 2289 910 2378 tempore
933 2281 1077 2368 luerint,
1115 2280 1317 2356 secundum
1346 2277 1562 2356 industriam
1586 2283 1668 2376 aliis
1694 2283 1799 2356 iestis

243 2407 312 2466 seu
346 2391 485 2480 diebus,
519 2394 747 2487 presentibus
781 2382 926 2464 unium
959 2391 998 2486 in
1034 2390 1141 2464 choro
1175 2391 1324 2486 prelatis
1358 2393 1396 2464 et
1430 2393 1611 2464 canonicis
1645 2391 1799 2482 singulis

192 2507 201 2519 '
247 2503 354 2576 annis
375 2515 441 2595 pru
471 2501 732 2580 releccionibus
755 2499 930 2592 equaliter
952 2478 1145 2584 diuidatur,
1178 2503 1357 2590 quatenus
1387 2499 1516 2572 saltem
1546 2498 1733 2572 celestium
1764 2503 1801 2572 at

246 2607 455 2682 huiusmodi
477 2611 698 2703 premiorum
720 2627 785 2702 spe
807 2607 921 2700 leem
949 2608 1112 2680 canonici
1134 2609 1334 2700 nearijque
1357 2606 1486 2694 aneon,
1513 2607 1554 2680 in
1575 2609 1656 2701 ipsa
1677 2609 1801 2682 nostra

248 2717 402 2791 ecclesia
424 2717 665 2790 ministerium
688 2715 759 2789 sibi
780 2714 954 2790 traditum
978 2719 1105 2818 curent
1134 2713 1330 2808 adimplere
1362 2713 1502 2800 deuote,
1533 2711 1632 2788 omni
1654 2735 1800 2790 excusa·

249 2827 351 2899 aione
373 2829 591 2920 postergata
637 2825 781 2897 Verum·
797 2843 882 2896 cum
903 2825 942 2896 in
964 2823 1027 2896 illa
1050 2824 1174 2896 eterna
1189 2822 1313 2895 celesti
1329 2821 1434 2895 domo
1456 2823 1569 2896 multe
1591 2827 1678 2896 sunt
1699 2843 1800 2898 man·
1853 2869 1863 2887 ·

247 2934 379 3019 οοοοοε,
403 2953 557 3026 quamun
579 2930 838 3006 inhabitatores
865 2950 939 3004 non
968 2929 1006 3004 id
1035 2930 1164 3017 solum,
1195 2929 1292 3021 quod
1320 2951 1386 3024 per
1407 2931 1476 3004 Dei
1498 2921 1800 3024 omnipotentiam

248 3043 369 3127 creati
399 3039 464 3114 se'd
487 3042 604 3112 eciam
626 3043 712 3132 qnia
738 3059 806 3114 sua
829 3039 1025 3112 clemencia
1047 3037 1093 3110 de
1117 3039 1284 3112 claustris
1315 3038 1423 3112 inieri
1452 3037 1666 3130 dyabolique
1688 3031 1800 3112 fauci-

244 3143 316 3222 bus
339 3147 472 3222 saluoti
496 3153 533 3220 at
553 3148 696 3222 liberati
730 3151 816 3220 sunt
849 3145 1107 3241 perverbum,
1142 3145 1239 3240 quod
1270 3143 1308 3218 in
1342 3149 1517 3258 principio
1552 3139 1655 3240 apud
1681 3134 1800 3219 Deum

247 3251 346 3332 Dens
370 3261 507 3330 arctet
530 3263 676 3329 carnem
706 3257 901 3348 sumpsit
890 3275 930 3327 m
961 3256 1104 3346 uirgine
1136 3253 1260 3341 Maria,
1292 3275 1336 3380 ex
1358 3273 1430 3344 quo
1453 3247 1534 3326 sam
1555 3252 1700 3328 beatam
1721 3273 1800 3348 pro·

169 3565 171 3568 ¹
248 3468 316 3546 Dei
338 3474 462 3564 εοοοω
484 3473 675 3566 eptscbpus
708 3471 962 3544 Ponnnniensis
984 3469 1158 3564 prefatus,
1192 3489 1277 3543 cum
1299 3465 1371 3542 iliis
1394 3463 1545 3562 partim,
1577 3457 1800 3543 societatem·

247 3601 318 3674 qne
341 3575 583 3674 expectantes,
613 3571 776 3652 manimi
808 3577 985 3651 desiderio
1014 3578 1093 3651 ad
1084 3577 1210 3671 ipsum
1237 3575 1399 3651 uolentes
1426 3572 1587 3663 allicere,
1613 3575 1658 3650 de
1688 3567 1800 3650 nosir'i
1858 3659 1866 3672 ,
1979 3634 1984 3646 .

248 3689 397 3783 capituli
419 3687 597 3778 generalis
622 3705 665 3759 ac
686 3687 904 3760 vicariorum
928 3685 1192 3760 canonicalium
1211 3683 1441 3758 nonnosus
1457 3685 1608 3758 ecclesie
1623 3705 1801 3758 consensu
1954 3735 1957 3740 -
2108 3688 2142 3704 ··

245 3795 426 3882 'macardi
450 3815 541 3868 sana
559 3793 820 3868 deliberacione
834 3793 1033 3888 prehabita,
1058 3796 1312 3867 mnsunumus
1336 3799 1373 3866 et
1394 3799 1566 3888 perpetuo
1581 3787 1800 3866 cantandum

247 3905 495 3978 ordinabimus
526 3907 563 3975 et
596 3901 824 3996 presentibus
857 3902 1065 3974 ordinamus
1102 3922 1145 3974 ac
1179 3899 1386 3988 statuimus,
1415 3905 1457 3973 νο
1485 3903 1524 3973 in
1553 3900 1650 3973 dicta
1678 3905 1801 3973 nostra

248 4013 403 4086 eeclesia
423 4025 553 4106 omnes
579 4007 668 4084 hora
694 4031 737 4083 ac
765 4011 878 4083 missa
910 4009 956 4082 de
984 4010 1109 4082 beata'
1125 4009 1239 4082 Maria
1269 4007 1410 4100 virgine
1446 4013 1709 4102 prememorata
1737 4027 1802 4101 per

248 4123 399 4194 terciam
435 4123 576 4212 partam
607 4117 784 4190 dictorum
816 4119 1033 4191 vicariorum
1063 4116 1327 4191 canonicalium
1356 4117 1471 4210 ipsius
1502 4109 1651 4188 ecclesie
1680 4121 1801 4188 nostra

249 4229 420 4302 annuens
453 4225 595 4298 vicibus
627 4221 674 4298 ad
704 4225 892 4318 hocopus
920 4223 1186 4311 mutandorum,
1222 4227 1376 4316 singulis
1411 4221 1516 4296 annis
1550 4221 1801 4316 inperpetuum

247 4333 406 4420 cottidie,
438 4335 524 4426 aliis
555 4332 698 4406 duabus
720 4335 937 4406 vicenorum
971 4333 1134 4427 partibus
1167 4331 1274 4406 horas
1310 4331 1447 4405 eisdem
1482 4329 1609 4402 diebus
1647 4325 1800 4422 singuiis

245 4444 389 4518 debitas
416 4447 455 4514 ¹et
484 4441 609 4514 oiiicla
629 4444 681 4514 ·in
716 4440 843 4514 eadem
867 4442 1020 4514 ecclesia
1053 4447 1178 4514 nostra
1201 4441 1474 4532 complentibus,
1508 4432 1742 4511 decantentur
1765 4439 1801 4510 et
1839 4456 1842 4462 ·

248 4551 444 4625 decantare
478 4553 679 4635 teneantur,
698 4555 964 4622 vverumtamen
994 4549 1041 4622 ad
1068 4569 1219 4642 presepe
1249 4569 1289 4620 os
1324 4547 1428 4620 bonis
1458 4544 1659 4620 triturantis
1686 4538 1801 4636 ligare

247 4661 423 4744 nolentes,
454 4655 520 4731 sed
541 4661 584 4730 νο
604 4659 707 4730 nnat
730 4657 774 4730 de
798 4658 914 4744 altari,
930 4660 1008 4748 ¹qui
1031 4660 1064 4729 ei
1088 4660 1211 4742 sentit,
1245 4653 1396 4746 dignum
1425 4653 1592 4728 duximus
1615 4649 1800 4748 premissis

248 4771 453 4841 statuentes
487 4764 663 4852 addicere,
699 4769 739 4837 νο
773 4769 850 4838 tam
877 4755 941 4859 hu,
977 4769 1040 4857 qui
1070 4765 1176 4838 beate
1198 4765 1360 4854 uirginis,
1396 4763 1505 4854 quarn
1540 4754 1614 4834 diei
1645 4753 1800 4854 reliquas

208 4875 211 4882 '
245 4877 368 4960 horas,
391 4881 432 4946 νο
453 4873 660 4968 predicitur,
685 4871 893 4967 adimplent,
917 4872 1090 4959 redditus,
1119 4894 1260 4958 census,
1290 4871 1523 4944 obuentiones
1547 4863 1584 4943 et'
1605 4875 1800 4964 prouentus

248 4976 419 5058 ananum
441 4986 660 5056 sanctorum·
675 4982 849 5074 Stephani
871 4981 1168 5075 prothomartiris,
1188 4979 1331 5053 vllicolai
1355 4980 1513 5073 episcopi
1534 4985 1571 5051 et
1586 4975 1801 5052 confessoris

248 5084 455 5166 daniberti
479 5097 515 5162 et
537 5081 742 5175 Katherine,
769 5089 893 5162 decem
917 5091 1018 5162 milia
1040 5087 1227 5162 llartimun
1252 5093 1289 5160 et
1315 5087 1471 5180 Philippi
1494 5107 1537 5158 ac
1559 5087 1676 5159 iacobi
1701 5082 1801 5180 apos·

247 5200 405 5272 totorum
427 5203 465 5271 et
486 5197 601 5290 Blasii
635 5199 792 5270 martiris
822 5219 866 5271 ac
897 5203 1022 5299 sancte
1053 5196 1239 5269 Elisabeth
1262 5201 1299 5269 et
1321 5195 1459 5268 Nicoiai
1483 5195 1640 5287 episcopi
1664 5193 1801 5268 conlas-

247 5311 343 5380 soris
367 5327 410 5379 ac
431 5310 557 5379 sancte
580 5301 705 5378 Cmcis
728 5309 767 5378 in
789 5305 888 5378 dicia
909 5311 1033 5379 nostra
1060 5306 1214 5376 ecclesia
1236 5303 1471 5376 Poananiensi
1495 5307 1617 5374 nostre
1640 5301 1801 5374 collacio-

247 5417 319 5501 rits,
344 5413 457 5486 eciam
480 5409 512 5486 si
537 5413 644 5486 alicui
667 5413 726 5484 uei
750 5413 929 5504 aliquibus
953 5416 1112 5506 ipsorum
1138 5413 1304 5484 altarium
1322 5412 1553 5482 canonicatus
1570 5412 1618 5482 sit
1641 5429 1800 5481 annexus

1995 645 2058 742 aut
2078 661 2227 738 vacetur
2238 632 2325 778 οπο
2349 613 2351 724 ο

1993 778 2082 862 uiro,
2105 775 2327 876 ipsorum
2290 783 2351 846 a

1994 903 2085 968 mas,
2114 844 2351 976 proueniudfi

1996 995 2122 1074 lanow,
2145 961 2351 1086 videncet,

1994 1101 2172 1183 Ιοοοονοο,
2203 1096 2351 1202 Ncoiq,

1994 1209 2175 1289 nasoon
2198 1195 2351 1320 Pop'ra':

1996 1317 2181 1398 deuteron,
2216 1284 2351 1419 Boeeffi:

1998 1421 2191 1516 episcopali
2217 1373 2351 1520 huetii]

1996 1531 2193 1614 uenientes,
2217 1529 2351 1628 aiquqi

1999 1643 2036 1712 et
2056 1633 2296 1710 obuenciones
2308 1639 2351 1744 ¹sii

1999 1765 2079 1839 que,
2103 1763 2189 1818 auro
2212 1745 2249 1814 et
2272 1718 2351 1883 οιοννο

1958 1885 1960 1890 ·
1998 1854 2058 1927 uel
2088 1851 2223 1926 auratis
2252 1826 2316 1921 οοΙ
2317 1853 2351 1962 p]

1903 2047 1907 2054 .
1999 1961 2196 2044 uenientes,
2219 1975 2325 2095 equa?
2329 1971 2351 2076 'l

2000 2072 2132 2142 torium
2161 2040 2351 2138 οοωοοοοο·ο

1999 2177 2224 2258 vicariorum,
2254 2092 2351 2248 tagi·

2000 2286 2067 2357 tinl
2090 2303 2133 2356 ac
2154 2252 2351 2357 onorii

2002 2390 2135 2464 ditibus
2171 2408 2236 2483 pro
2266 2361 2351 2504 uei

2003 2499 2080 2572 dari
2103 2503 2140 2572 et
2161 2485 2351 2592 predona'iq

2002 2610 2186 2702 presente
2208 2606 2322 2702 aneu
2341 2559 2351 2638 i

2004 2715 2173 2799 decimas,
2197 2669 2351 2842 οοοεοονν

1945 2916 1948 2923 ’
2003 2879 2110 3004 modo
2107 2839 2351 3020 assequor&ff

2003 3041 2043 3112 in
2064 3039 2132 3112 Dei
2153 3021 2337 3110 nomine*

2005 3167 2174 3243 paramus
2204 3148 2310 3217 et
2270 3125 2348 3268 (οΙ
2334 3247 2337 3256 Ι
