4720 6360
1794 479 1859 560 iot

341 692 453 806 qulbus
484 679 586 758 nobis
617 681 861 776 multipliciter
890 673 1029 775 placere
1059 674 1200 764 meruit,
1233 700 1318 772 erga
1349 701 1414 754 nos
1439 687 1475 754 et
1503 681 1653 756 eandem
1677 685 1861 756 ciuitatem

341 811 481 894 „usuam
505 793 638 864 Coelan
669 811 709 862 so
732 785 926 863 exercendo
949 789 1114 874 iidelitcr,
1145 792 1350 862 ¹constanter
1380 793 1418 862 ot
1446 792 1515 882 ipsi
1548 793 1686 864 ciuitati
1707 791 1862 884 plurima

341 901 511 998 commoda
543 897 662 972 ialioia
692 895 925 991 procurando,
958 897 1002 968 de
1034 901 1158 970 nostra
1190 917 1290 969 mera
1322 897 1535 970 liberalitate
1563 898 1648 971 dare
1671 899 1862 970 etdona1c

341 1015 461 1114 dignati
483 1026 609 1080 sumus
639 1008 800 1096 graciose
832 1005 937 1078 solita
970 1009 1093 1078 nostra
1129 1005 1385 1092 consolacione,
1421 1026 1491 1096 qua
1527 1011 1673 1078 cunctos
1708 1005 1864 1078 iideliter

342 1129 428 1213 nobis
456 1117 662 1200 seruientes,
683 1114 876 1186 consolare
906 1115 1169 1198 consueuimus,
1205 1115 1324 1206 ipsum
1356 1113 1680 1188 animaduertentcs
1716 1113 1862 1187 reddere

341 1230 556 1316 consolatum,
579 1241 730 1314 quarum
753 1225 874 1312 itaque
896 1221 1064 1294 ilammas
1087 1221 1247 1293 volentes
1269 1223 1475 1312 extinguere
1498 1227 1534 1294 et
1557 1243 1680 1294 aarum
1703 1223 1864 1296 lomenia

343 1369 376 1424 cc
395 1331 563 1412 scintillas
586 1329 775 1415 suiioeare,
807 1335 844 1401 et
872 1331 991 1421 ipsum
1020 1327 1138 1401 A'dam
1170 1329 1257 1402 alias
1288 1329 1404 1401 Rinda
1426 1349 1581 1421 suosque
1604 1331 1699 1402 iiiios
1725 1333 1761 1401 c't
1783 1349 1863 1402 oon·

343 1445 542 1538 ¹‹ccuguincos
575 1437 714 1510 ciuibus
750 1443 786 1509 et
817 1437 942 1510 incolis
977 1435 1208 1508 Costensibus
1232 1439 1413 1510 continere
1436 1443 1473 1510 et
1501 1441 1540 1510 in
1562 1437 1723 1510 iauorcm
1746 1441 1863 1531 pristi-

344 1576 416 1638 num
447 1547 625 1632 reducere,
660 1550 699 1617 vt
730 1547 917 1618 unanimes
949 1548 988 1616 in
1021 1564 1110 1637 paco
1133 1549 1170 1616 ot
1193 1547 1323 1616 amoris
1358 1547 1475 1617 intimi
1510 1545 1697 1618 dulcedine
1719 1546 1864 1619 ualeant

345 1675 543 1764 permature,
567 1653 683 1726 eidem
710 1653 789 1725 Ade
820 1653 908 1725 alias
932 1651 1047 1725 Rinda
1070 1655 1217 1743 eiusque
1249 1652 1338 1745 iilijs
1362 1659 1398 1725 et
1421 1655 1695 1743 consanguineis
1719 1659 1863 1744 treugas

345 1772 428 1872 pacis
454 1761 617 1836 dedimus
648 1766 839 1854 perpetuas
874 1765 910 1834 ei
941 1781 1004 1854 per
1036 1763 1182 1852 quosuis
1216 1763 1314 1832 ciues
1348 1767 1384 1834 ct
1415 1762 1551 1835 incolas
1583 1760 1773 1834 Costenses
1796 1763 1864 1833 sub
1943 1837 1947 1846 ,

345 1897 422 1978 pena
443 1870 595 1944 etvadio
619 1873 715 1942 certo
731 1867 882 1942 duorum
905 1869 1045 1942 milium
1061 1888 1272 1954 marcarum,
1296 1867 1392 1960 quod
1415 1871 1506 1942 irater
1528 1873 1625 1962 ipsos
1648 1869 1864 1942 vallarumus

344 2003 374 2063 ct
395 1981 565 2054 vadamus
588 1978 824 2070 presentibus,
854 1979 1076 2050 inconcusse
1095 1981 1131 2049 et
1160 1976 1409 2050 inviolabiliter
1438 1975 1679 2052 obseruandas
1702 1978 1865 2064 iirmitcr,

345 2091 569 2172 decernentes,
602 2085 698 2177 quod
729 2085 849 2158 nullus
881 2087 1024 2178 penitus
1056 2087 1216 2177 ipsorum
1249 2086 1384 2157 ciuium
1406 2085 1575 2179 predictis
1604 2083 1683 2158 Adc
1706 2085 1764 2158 uel
1788 2088 1865 2158 eius

347 2203 420 2292 si'o's
442 2215 506 2268 seu
528 2195 641 2266 eciam
666 2195 941 2284 consanguineis
963 2194 1002 2265 in
1024 2191 1120 2265 iacto
1143 2192 1350 2266 donacionis
1381 2193 1574 2266 eorundem
1597 2191 1749 2267 duorum
1772 2213 1866 2266 mac

346 2309 509 2388 celorum,
546 2321 610 2396 per
631 2321 697 2374 nos
719 2303 770 2374 ita
799 2301 991 2374 liberaliter
1026 2300 1131 2386 lacte,
1165 2300 1271 2374 debet
1305 2303 1528 2374 mencionem
1557 2302 1675 2374 iacere
1698 2301 1807 2375 uerbo
1831 2307 1867 2374 ei

347 2419 427 2492 iacto
449 2431 514 2484 seu
537 2430 760 2502 quocumque
784 2409 852 2482 alio
875 2407 981 2482 modo
1004 2408 1140 2482 ianuam
1163 2412 1323 2502 ipsomm
1347 2409 1582 2483 detractiuam
1594 2412 1652 2498 (s),
1685 2409 1749 2482 sed
1772 2409 1868 2502 quod

346 2523 474 2599 omnino
502 2517 546 2591 ab
576 2519 802 2612 impeticionc
835 2522 871 2591 et
902 2517 1104 2590 obieccione
1135 2521 1219 2590 note
1251 2518 1400 2590 iniamie
1434 2517 1614 2590 talismodi
1649 2521 1722 2590 sint
1754 2517 1866 2602 liberi,

347 2627 457 2706 nundi
479 2631 516 2699 et
538 2625 655 2698 soluti.
703 2625 741 2699 Si
763 2647 849 2699 uero
881 2628 1060 2720 quispiam
1095 2645 1187 2700 ausu
1215 2628 1404 2698 temerario
1428 2625 1568 2711 duetus,
1602 2645 1708 2698 secus
1731 2629 1770 2699 in
1791 2647 1868 2720 pre

348 2739 453 2814 missis
485 2737 699 2828 attemptare
720 2737 954 2828 presumserit
986 2738 1022 2806 et
1053 2737 1142 2827 ipsis
1172 2734 1307 2825 lingna
1333 2733 1507 2806 indomita
1530 2738 1566 2807 et
1589 2733 1712 2806 eirena
1735 2734 1869 2826 aliquid

348 2837 572 2919 deiractluum
593 2841 719 2916 honori
742 2841 879 2928 dixerit,
903 2841 1070 2916 obiecerit
1092 2861 1158 2915 seu
1181 2844 1296 2915 eciam
1320 2843 1477 2934 aliquam
1500 2831 1625 2914 iecerit
1648 2845 1868 2928 memoriam,

20 3029 27 3058 ‚
348 2959 419 3028 aab
450 2953 570 3026 omnia
601 2953 729 3024 ciuitas
761 2949 989 3024 Costanensis
1023 2949 1185 3044 predicta
1210 2951 1314 3023 nobis
1348 2950 1407 3023 uel
1441 2951 1572 3023 nostris
1602 2951 1869 3023 successoribus

38 3083 161 3158 ppchp,
349 3059 528 3155 predictam
558 3079 688 3152 penam
718 3063 755 3132 et
775 3058 924 3132 vadium
945 3059 1118 3132 vallatum
1149 3056 1301 3132 duorum
1319 3059 1484 3131 'millium
1506 3079 1708 3132 mareasmn
1731 3059 1870 3132 soluere

20 3189 74 3280 hyp
92 3194 161 3264 sku-
349 3167 526 3254 tenebitur,
544 3169 580 3251 is
603 3172 734 3252 autem
763 3169 826 3262 qui
847 3165 1052 3240 huiusmodi
1075 3167 1224 3240 iniamie
1246 3165 1454 3241 fulminator
1469 3165 1587 3252 inerit,
1611 3169 1768 3240 incurret
1790 3187 1870 3240 oon·

19 3315 45 3386 [ς
68 3320 161 3369 sm„
348 3277 525 3348 tumaciter
547 3279 584 3348 et
605 3274 718 3348 subici
744 3273 887 3348 debebit
900 3275 1085 3369 dispendio
1101 3275 1182 3348 colli
1205 3280 1241 3348 ei
1263 3275 1419 3348 honoris.
1464 3274 1575 3348 Vobis
1590 3277 1701 3366 igitur
1722 3275 1872 3348 iohanni

31 3403 160 3476 poppe,
350 3381 386 3454 de
406 3385 588 3456 Gemina
611 3387 807 3477 capitaneo,
847 3383 1112 3476 aduocatisque,
1146 3383 1363 3470 consulibus,
1394 3385 1520 3456 iuratis
1544 3387 1581 3456 et
1602 3383 1728 3456 incolis
1751 3387 1872 3456 nostre

350 3493 492 3564 ciuitatis
516 3493 649 3565 Gustum
669 3493 849 3564 vmuersis
872 3491 1052 3566 modernis
1075 3495 1112 3564 et
1134 3493 1216 3585 alijs
1246 3512 1310 3586 pro
1332 3496 1492 3585 tempore
1520 3491 1766 3578 existentibus,
1795 3512 1872 3585 pre·

350 3600 497 3672 mutibus
519 3597 750 3692 requirendis,
773 3602 905 3674 nostris
928 3600 1045 3674 iirnris
1069 3599 1197 3674 damus
1219 3599 1399 3692 regalibus
1421 3603 1460 3674 in
1481 3599 1671 3686 mandatis,
1696 3603 1872 3691 quatenus

351 3705 505 3796 predictis
531 3706 611 3780 Ade
632 3697 749 3780 Rinda
772 3710 919 3801 eiusque
952 3703 1044 3802 liliis
1074 3714 1110 3781 et
1144 3710 1419 3800 consanguineis
1451 3713 1597 3800 treugas
1619 3710 1719 3800 pacis
1751 3706 1873 3780 buius·

353 3811 447 3901 modi
468 3835 533 3909 per
554 3835 619 3889 nos
642 3818 730 3910 ipsis
754 3814 869 3902 datas,
897 3817 1149 3890 inuiolabiliter
1170 3829 1314 3890 seruare
1342 3815 1500 3890 debeatis
1524 3821 1561 3888 et
1583 3835 1645 3888 eas
1667 3836 1731 3909 per
1753 3837 1873 3907 quom·
1899 3805 1902 3812 ’

354 3919 439 4010 piam
452 3921 606 3997 tirmiter
627 3929 664 3998 et
685 3927 897 4024 inconcusse
912 3923 1119 4010 seruandas,
1142 3927 1181 3997 in
1203 3925 1378 4018 ecolesijs,
1400 3923 1487 3997 ioris
1507 3929 1543 3996 et
1560 3923 1658 4010 locis,
1681 3925 1721 3996 in
1743 3925 1873 4016 quibus

353 4019 454 4102 maim
473 4031 659 4104 hominum
690 4023 840 4105 confiuit
869 4031 1070 4118 multitudo,
1104 4027 1301 4106 exclamare
1333 4032 1475 4106 faciatis
1504 4033 1572 4104 sub
1594 4051 1688 4125 pena
1711 4037 1747 4104 ei
1768 4031 1875 4105 vadio

353 4131 600 4234 suprascriptis.
647 4139 713 4214 Pro
736 4139 887 4214 firmiori
902 4139 1107 4214 huiusmodi
1129 4143 1242 4214 nostn
1264 4139 1398 4213 decreti
1413 4145 1620 4230 treuganrm
1644 4144 1679 4212 et
1702 4142 1875 4233 composi·

354 4241 453 4346 tionis
474 4251 636 4322 tencione
659 4247 1203 4334 eteifioaciu„hon1mseriem
1229 4249 1387 4342 plenarie
1417 4248 1463 4322 ad
1491 4248 1600 4320 libros
1630 4251 1816 4320 terrestres
1839 4255 1876 4320 et

355 4349 467 4426 clunes
497 4356 624 4429 insribi
655 4356 839 4430 iacientes.
885 4356 1021 4430 Harum
1053 4357 1182 4450 quibus
1216 4357 1376 4448 sigillum
1405 4359 1568 4428 nostrum
1600 4375 1797 4450 appensum
1821 4362 1876 4430 est

354 4458 544 4537 testimonio
565 4464 758 4537 literarum.
803 4465 939 4538 Datum
961 4467 1000 4537 in
1021 4465 1141 4538 aaran
1163 4463 1253 4538 ieria
1275 4464 1434 4537 secunda
1460 4462 1556 4536 inira
1578 4469 1725 4536 octauas
1748 4465 1877 4538 Visita·

203 4617 208 4627 .
355 4563 456 4640 tionis
484 4578 607 4644 sancte
629 4571 738 4645 Marie
760 4575 911 4664 virginis
934 4573 1096 4665 gloriose,
1120 4593 1213 4646 anno
1237 4573 1381 4646 Domini
1403 4571 1455 4644 M⁰
1477 4569 1604 4645 CCCG⁰
1625 4592 1729 4645 nono.
1750 4609 1796 4626 ·-
1819 4573 1879 4646 Ad
1951 4555 1954 4562 ’

210 4709 214 4718 ·
355 4669 554 4752 relacionem
575 4679 712 4754 Nicolai
734 4685 837 4771 regni
858 4679 1001 4754 Polonie
1024 4681 1318 4775 vicecancellarii.
1773 4713 1776 4720 ·

503 4875 610 4950 Κεῖῳ
625 4877 748 4937 damah
766 4875 934 4936 amu-uam
950 4895 966 4934 a
985 4875 1027 4935 lat
1045 4878 1232 4950 rios-1412,
1249 4883 1299 4938 atr.
1317 4877 1381 4939 2⁶1.

504 5057 528 5130 ¹)
545 5055 667 5116 merae
683 5057 786 5118 minio
803 5057 965 5133 ροπίιῑοπο
984 5076 1008 5116 rr
1025 5057 1166 5130 kaleatwia
1183 5055 1393 5134 pocnudslriam.
