4722 6360
1627 503 1632 512 .
1906 386 2092 562 'riri'¹

483 644 717 754 predecessori
741 646 862 716 nostre
884 643 1056 735 exposito,
1089 639 1184 734 quod
1207 640 1292 714 oiim
1315 630 1497 733 predictos
1521 643 1711 736 episcopus
1734 639 1882 734 prouide
1906 634 2019 712 atten-
2069 633 2074 642 '

485 765 578 839 dens,
602 749 697 842 quod
719 752 757 822 in
782 749 908 822 eadem
932 749 1086 822 ecclesia
1108 749 1213 821 multi
1239 752 1341 820 erant
1365 752 1526 822 canonici
1550 753 1587 822 et
1609 749 1796 842 presbiteri
1820 768 1863 820 ac
1886 747 2018 833 clerici,

481 862 599 952 cicun]
625 858 850 930 canonicales
877 859 1086 950 nuncupati,
1123 855 1189 928 sed
1210 863 1355 949 propter
1377 856 1486 928 eriles
1521 858 1671 943 tructus,
1705 876 1795 948 quos
1827 855 2018 940 habebant,

480 969 570 1068 opud
592 965 743 1038 earrdem
774 966 964 1038 ecclesiam
995 965 1143 1036 minime
1165 963 1380 1048 residebant,
1412 969 1449 1035 et
1471 963 1679 1036 desiderans
1710 967 1769 1058 pto
1799 964 1873 1036 zelo
1898 961 2016 1034 dictus
2090 1040 2093 1047 ,

482 1083 663 1177 episcopus
687 1075 785 1166 ipsos
810 1075 1011 1157 canonicos,
1034 1074 1190 1144 vicarios
1215 1076 1251 1143 et
1273 1072 1421 1144 clericos
1446 1073 1588 1145 allicere
1611 1071 1657 1144 ad
1679 1071 1917 1144 residenciam
1940 1090 2017 1163 per·

477 1184 630 1265 sodalem
653 1179 858 1252 iaciendam
882 1179 979 1272 apud
1002 1180 1193 1252 ecclesiam
1226 1200 1289 1272 per
1314 1182 1648 1270 augmentacionem
1673 1179 1858 1252 fructuum
1881 1177 2018 1272 predic·

479 1305 601 1373 terum,
624 1286 671 1360 ad
695 1287 764 1358 hoc
787 1287 933 1380 capituli
964 1288 1185 1380 prelatorum
1215 1291 1252 1358 et
1274 1289 1527 1359 canonicorum
1558 1288 1653 1360 dicte
1676 1288 1826 1358 ecclesie
1850 1286 2018 1358 concordi

479 1397 731 1478 interueniente
755 1415 933 1467 consensu
965 1416 1007 1466 ac
1036 1399 1179 1466 matura
1208 1393 1466 1466 deliberacione
1495 1395 1692 1487 prehabito,
1723 1394 1769 1466 de
1800 1393 2016 1486 quibusdam

480 1506 623 1584 decimis
665 1505 744 1574 siue
781 1501 980 1574 redditibus
1023 1503 1238 1595 episcopalis
1277 1521 1402 1574 mense
1436 1501 1699 1589 Poenaniensis‚
1732 1507 1855 1574 tamen
1889 1501 2016 1574 eadem
2159 1507 2163 1516 ’

480 1632 598 1692 mensa
628 1611 730 1683 illesa
763 1613 800 1682 et
834 1629 917 1682 cum
951 1608 1071 1681 debita
1100 1613 1304 1702 prouisione
1334 1610 1551 1697 remanente,
1588 1608 1827 1702 quadraginta
1849 1607 2016 1682 marchas

478 1737 678 1816 grossorum
716 1721 858 1789 monete
890 1717 1101 1790 Polouicalis
1131 1715 1176 1788 de
1207 1717 1355 1788 decimis
1381 1717 1550 1790 villarum
1582 1721 1678 1790 circa
1710 1721 1886 1806 Repente,
1921 1718 2017 1788 circa

480 1829 687 1906 deomlrowo
718 1829 755 1897 et
777 1827 873 1897 circa
896 1825 1030 1913 Voeze1)
1059 1826 1349 1910 consistencium,
1379 1825 1548 1898 uidelicet
1570 1828 1809 1910 Bobrowrsilci,
1842 1826 2014 1907 ilukewi,

477 1936 739 2018 rerdemeicee,
764 1935 935 2020 Gmeewo,
960 1937 1154 2022 Pompeiae,
1179 1935 1353 2018 Labascit,
1377 1936 1513 2020 Beoceo,
1537 1936 1651 2019 Gelae,
1675 1934 1831 2018 Stewno,
1861 1935 2017 2022 Prusae·

478 2063 583 2127 nouo,
605 2043 816 2130 Mlunkoreo,
840 2042 1122 2130 smyeeueeeo,
1146 2041 1250 2126 Surb,
1282 2041 1497 2128 Cruscbewo,
1530 2044 1637 2126 Vseee,
1661 2043 1873 2124 Narseus,
1906 2041 2016 2112 simul

479 2155 682 2233 (iaroslawo,
718 2151 1032 2247 Neutenscdlcowe,
1067 2151 1279 2232 iablenoeo,
1315 2151 1550 2238 Miroslewpe,
1602 2151 1766 2237 Bellaque
1798 2153 1834 2219 et
1869 2150 2016 2235 Milee,')
2100 2207 2105 2216 .

479 2257 724 2334 Poananiensis
748 2255 911 2340 diocesis,
943 2257 982 2328 in
1010 2261 1245 2346 augmentum
1267 2255 1504 2329 refectionum
1527 2261 1563 2327 et
1586 2255 1875 2348 quotidianarum
1899 2255 2016 2326 distri·

478 2366 665 2438 bucionum
694 2363 921 2456 presentibus
945 2365 983 2434 in
1007 2361 1142 2435 diuinis
1172 2364 1211 2436 in
1245 2363 1353 2435 chore
1384 2366 1500 2457 ipsius
1529 2365 1680 2436 ecclesie
1710 2363 1788 2435 dari
1817 2363 2015 2446 solitarum,

476 2475 630 2568 ipsisque
652 2470 906 2544 refectionibus
931 2475 968 2542 ei
997 2469 1215 2562 quotidianis
1246 2471 1563 2544 distribucionibus
1596 2473 1808 2544 auctoritate
1837 2470 2018 2542 ordinaria

479 2577 660 2654 addiderat
680 2582 719 2651 et
740 2581 857 2651 eciam
881 2579 1126 2672 applicauerat
1157 2577 1433 2664 distribuendas,
1464 2583 1560 2652 cert'o
1591 2578 1696 2652 niodo
1727 2583 1815 2650 tunc
1837 2597 2016 2670 expresso,

478 2707 517 2760 ac
549 2688 676 2758 stabnt
705 2690 742 2758 et
764 2685 945 2758 ordinauit
975 2687 1091 2759 eciam
1125 2687 1235 2758 simili
1268 2685 1461 2758 accedente
1495 2705 1684 2776 consensu,
1719 2685 1816 2776 quod
1848 2687 1887 2758 in
1920 2683 2018 2758 dicta

477 2793 623 2868 ccclesia
644 2791 816 2886 deinceps
839 2796 952 2866 missa
975 2797 1012 2865 et
1036 2813 1161 2867 omnes
1184 2793 1271 2866 hore
1294 2792 1470 2866 debeata
1491 2793 1603 2867 bieria
1624 2797 1766 2884 virgine
1780 2814 1853 2887 per
1866 2795 2017 2866 terciam

476 2905 611 2995 partem
633 2899 828 2974 eorundem
851 2901 1134 2995 presbiterorum
1158 2905 1195 2973 et
1217 2901 1437 2987 clericorum,
1462 2901 1508 2975 ad
1530 2901 1621 2975 illud
1643 2922 1733 2995 opus
1750 2905 1857 2974 certis
1873 2900 2018 2974 uicibus
2096 2901 2099 2905 ’

481 3007 739 3095 mutandorum,
771 3012 810 3081 in
832 3013 915 3103 ipsa
941 3009 1096 3083 ecelesia
1118 3009 1276 3101 quotidie
1300 3010 1512 3096 diceremur,
1543 3009 1609 3082 sed
1637 3011 1773 3102 relique
1803 3009 1873 3082 due
1895 3013 2017 3102 partes

477 3117 631 3210 ipsomrn
653 3115 933 3210 presbiterorum
956 3121 993 3188 et
1017 3117 1231 3191 clericorum
1258 3117 1366 3190 hores
1390 3122 1427 3190 et
1449 3118 1572 3190 officia
1599 3117 1724 3190 diuina
1747 3117 1867 3191 debita
1890 3115 2018 3190 diebus

476 3223 624 3314 nugulis
648 3223 839 3298 decantare
870 3225 1037 3299 similiter
1065 3228 1104 3298 in
1142 3225 1267 3298 eedem
1303 3225 1456 3299 eeclesia
1486 3229 1703 3311 tenerentur,
1737 3223 1867 3318 quibus
1902 3228 2019 3298 eciam

478 3329 643 3418 redditus,
667 3351 810 3418 cenem,
834 3332 1075 3406 obuencienes
1099 3337 1136 3406 et
1157 3337 1354 3428 prouentus
1378 3332 1616 3425 quommdern
1640 3333 1807 3407 altarium
1829 3336 1868 3406 in
1891 3332 2018 3406 eadem
2097 3425 2100 3430 Ι

477 3437 624 3512 ecclesia
662 3441 956 3528 consistencium,
990 3446 1079 3514 tune
1118 3461 1378 3535 expressorum,
1413 3461 1483 3533 que
1503 3440 1565 3514 ‚ed
1596 3442 1828 3514 collacionem
1860 3443 2020 3535 episcopi

481 3542 727 3620 Pomaniensis
744 3549 910 3620 existerm
931 3569 996 3643 pro
1019 3553 1182 3644 tempore
1199 3552 1388 3642 pertinent,
1414 3569 1497 3622 eum
1519 3548 1582 3622 illa
1598 3569 1665 3642 per
1679 3549 1818 3622 obitum
1839 3553 2020 3622 rectorum

486 3652 674 3727 eorundem
696 3653 875 3741 altarium,
899 3657 962 3747 qui
984 3660 1071 3728 tunc
1094 3661 1206 3742 erant,
1233 3677 1365 3730 uacare
1389 3659 1626 3748 confingerem
1650 3661 1687 3730 et
1709 3658 1825 3729 eciam
1847 3656 2019 3743 decimas,

481 3765 683 3852 prouentus
707 3783 837 3836 census
862 3769 898 3836 et
920 3763 1159 3836 obuencienes
1182 3764 1353 3836 villarum
1383 3766 1480 3837 eirca
1508 3767 1615 3838 Kela's
1637 3767 1674 3836 et
1697 3761 1794 3838 circa
1815 3765 2020 3860 Odolanow,

481 3865 643 3942 uidelicet
665 3871 844 3961 Gloqooce,
868 3873 1150 3957 Bendaesclu'no,
1175 3871 1343 3962 Orampa,
1366 3872 1496 3946 smne·
1506 3877 1698 3963 utrunque,
1723 3873 1909 3958 θαῐοοοῖοί,
1931 3874 2022 3944 Ιαπ-

479 3973 579 4062 louo,
602 3978 847 4068 Nedpecde'oee,
870 3981 1101 4065 Laneeoeim',
1138 3981 1321 4070 Wurzbeo,
1345 3983 1572 4065 Demxdieo,
1607 3981 1786 4066 modom,
1809 3981 2018 4070 Beqenyno,

479 4079 694 4170 uambae,
733 4087 969 4176 Poqreibowc,
1011 4089 1221 4178 abaciaco,
1262 4090 1516 4179 Preiqodricee,
1558 4088 1763 4173 Oceanocde,
1798 4090 2019 4174 Golucdoreo,

479 4187 626 4278 bonico,
649 4195 833 4280 Lereeowo,
857 4195 1055 4279 Boezlcowo,
1083 4197 1320 4285 Gnyeedoseo,
1351 4197 1490 4268 Germ
1515 4200 1551 4289 et
1572 4197 1759 4284 amesae)
1787 4194 1882 4268 dicte
1906 4194 2020 4269 dioce-

480 4295 537 4381 sis,
575 4317 649 4406 quo,
667 4303 784 4374 seiam
814 4297 938 4375 mense
967 4301 1129 4396 predicte
1165 4322 1282 4394 usque
1316 4307 1404 4376 tune
1425 4303 1649 4386 tenebantur,
1688 4306 1726 4375 et
1757 4323 1827 4396 que
1850 4301 2021 4398 deinceps

480 4405 578 4478 tuuis
610 4408 763 4498 singulis
791 4411 1032 4503 prouenirent,
1062 4429 1203 4482 necnon
1234 4410 1403 4496 decimas,
1435 4409 1629 4496 oiierteria,
1659 4411 1890 4497 reieeeiones,
1920 4412 2021 4484 iune-
2089 4475 2091 4480 ,

481 4507 576 4598 ralia,
599 4533 730 4588 census
754 4519 790 4588 et
812 4517 1063 4604 obuencienes,
1096 4537 1167 4608 que
1190 4520 1324 4612 irrtrdtu
1345 4521 1562 4590 vicariorum
1593 4517 1787 4592 eorundem
1810 4519 2021 4612 presbitero
2082 4585 2085 4590 .

397 4721 401 4728 Ι
482 4629 557 4690 rum
579 4625 615 4694 et
637 4623 848 4697 elericorum
870 4623 1205 4718 quomodocumque
1228 4631 1264 4698 et
1286 4625 1594 4718 qualitercumque
1608 4629 1848 4719 prouenisset,
1871 4629 1910 4700 in
1932 4647 2021 4700 auro

483 4725 516 4793 el
537 4733 682 4820 argento
705 4731 798 4804 lusis
821 4732 881 4805 uel
902 4735 943 4804 in
965 4735 1097 4805 massis
1127 4738 1164 4806 et
1193 4737 1325 4827 pannis
1348 4736 1473 4807 sericis
1503 4739 1540 4806 et
1569 4733 1791 4826 amiirigalis
1814 4739 1851 4807 st
1874 4737 2021 4822 auratis,
2088 4779 2095 4794 ·

481 4831 515 4900 et
534 4839 687 4922 gemmis
710 4837 840 4912 oblatis
869 4839 929 4912 uel
959 4860 1043 4913 oum
1073 4841 1260 4914 iuneribus
1293 4844 1501 4936 apportatis,
1532 4842 1701 4935 exceptis,
1732 4841 1907 4934 equaliter
1927 4843 2023 4916 inter

481 4947 658 5024 presentes
681 4945 897 5038 presbiteros
921 4950 959 5021 et
981 4949 1129 5021 elericos
1152 4951 1192 5021 in
1214 4949 1294 5042 ipsa
1317 4949 1470 5023 eeclesia
1497 4953 1641 5022 tantum
1670 4950 1825 5041 singulis
1852 4953 2022 5045 septima·

481 5041 534 5116 nis
555 5055 637 5142 post
658 5053 932 5146 completorium
954 5054 1116 5128 sabbatis
1139 5055 1266 5129 diebus
1300 5056 1556 5143 ducerentur,
1587 5061 1624 5130 et
1653 5057 1808 5149 quadam
1831 5059 1903 5132 alia
1926 5059 2023 5134 circa

481 5141 545 5224 hcc
574 5155 691 5232 dictus
725 5163 915 5255 episcopus
947 5161 1035 5236 iecit
1069 5167 1106 5235 et
1138 5163 1319 5237 ordinauit
1351 5165 1583 5238 racionabilis
1609 5169 1647 5238 et
1668 5164 1829 5252 honesta,
1853 5171 1961 5260 prout
1982 5169 2023 5241 in

483 5258 693 5344 qubusdam
716 5271 906 5341 autenticis
929 5269 1068 5356 liiteris,
1093 5269 1176 5344 inde
1200 5272 1384 5358 coniectis,
1409 5271 1604 5346 eemndem
1626 5275 1785 5366 episcopi
1813 5278 1850 5346 et
1872 5277 2021 5368 capituli

175 5355 185 5372 .
332 5495 337 5505 .
482 5362 785 5462 'immundis
809 5375 940 5452 dicitur
954 5377 1099 5472 plenius
1123 5380 1315 5467 contineri;
1338 5379 1505 5472 quodque
1527 5379 1679 5478 predicti
1702 5383 1903 5478 episcopus,
1927 5387 2022 5482 capp.
